@misc{action1,
    title = {{6 - Testes de normalidade - Infer{\^{e}}ncia | Portal Action}},
    url = {http://www.portalaction.com.br/inferencia/testes-de-normalidade}
}

@misc{Cuenca2007,
    title = {{A Cultura do Coqueiro}},
    year = {2007},
    author = {Cuenca, Manuel Alberto Gutiérrez},
    pages = {1--4},
    url = {http://www.profigen.com.br/ler/1/355/306/fusarium},
    keywords = {1, 197x vers{\~{a}}o eletr{\^{o}}nica, de produ{\c{c}}{\~{a}}o, issn 1678}
}

@misc{Embrapa,
    title = {{A Cultura do Coqueiro}},
    author = {{Embrapa}},
    url = {https://www.spo.cnptia.embrapa.br/conteudo?p_p_id=conteudoportlet_WAR_sistemasdeproducaolf6_1ga1ceportlet&p_p_lifecycle=0&p_p_state=normal&p_p_mode=view&p_p_col_id=column-1&p_p_col_count=1&p_r_p_-76293187_sistemaProducaoId=7703&p_r_p_-996514994_topicoId=7}
}

@article{SouzaNeto2004,
    title = {{A forma{\c{c}}{\~{a}}o do profissional de educa{\c{c}}{\~{a}}o f{\'{i}}sica no Brasil: uma hist{\'{o}}ria sob a perspectiva da legisla{\c{c}}{\~{a}}o federal no s{\'{e}}culo XX}},
    year = {2004},
    journal = {Revista Brasileira de Ci{\^{e}}ncias do Esporte},
    author = {Souza Neto, Samuel de and Alegre, Atilio de Nardi and Hunger, Dagmar and Pereira, Juliana Martins},
    number = {2},
    pages = {113--128},
    volume = {25},
    url = {http://rbceonline.org.br/revista/index.php/RBCE/article/view/230},
    issn = {2179-3255}
}

@article{SouzaNeto2004b,
    title = {{A forma{\c{c}}{\~{a}}o do profissional de educa{\c{c}}{\~{a}}o f{\'{i}}sica no Brasil: uma hist{\'{o}}ria sob a perspectiva da legisla{\c{c}}{\~{a}}o federal no s{\'{e}}culo XX}},
    year = {2004},
    journal = {Revista Brasileira de Ci{\^{e}}ncias do Esporte},
    author = {de Souza Neto, Samuel and Alegre, Atilio de Nardi and Hunger, Dagmar and Pereira, Juliana Martins},
    number = {2},
    pages = {113--128},
    volume = {25},
    url = {http://rbceonline.org.br/revista/index.php/RBCE/article/view/230},
    issn = {2179-3255}
}

@article{coco1,
    title = {{Acarofauna associada a frutos de coqueiro (Cocos nucifera L.) de algumas localidades das Am{\'{e}}ricas}},
    year = {2005},
    journal = {Neotropical Entomology},
    author = {N{\'{a}}via, Denise and Moraes, Gilberto J. de and Lofego, Antonio C and Flechtmann, Carlos H.W.},
    number = {2},
    pages = {349--354},
    volume = {34},
    url = {http://www.scielo.br/pdf/ne/v34n2/24334.pdf http://www.scielo.br/scielo.php?script=sci_arttext&pid=S1519-566X2005000200026&lng=en&nrm=iso&tlng=pt},
    isbn = {1519-566X},
    doi = {10.1590/S1519-566X2005000200026},
    issn = {1519-566X},
    keywords = {KEY}
}

@article{JORGE2015,
    title = {{Ac{\'{u}}mulo de massa fresca e seca de pl{\^{a}}ntulas de toma te em fun{\c{c}}{\~{a}}o dos diferentes  tipos de substratos utilizados}},
    year = {2015},
    journal = {Congresso Brasileiro de Agroecologia},
    author = {JORGE, Ellen Vanelly Custódio and Almeida Neta, Maria Nilfa and Silva, Cleisson Dener and Damaceno, Angra Soares},
    number = {3},
    volume = {10},
    url = {http://revistas.aba-agroecologia.org.br/index.php/cad/article/view/19536/13241}
}

@misc{Souza2004,
    title = {{Aduba{\c{c}}{\~{a}}o fosfatada em solos da regi{\~{a}}o do cerrado}},
    year = {2004},
    booktitle = {Anais do Simp{\'{o}}sio sobre f{\'{o}}sforo na agricultura brasileira},
    author = {Souza, Djalma Martinhão Gomes da and Lobato, Edson},
    number = {1},
    pages = {157--200},
    url = {http://www.profigen.com.br/ler/1/355/306/fusarium}
}

@misc{Souza2004b,
    title = {{Aduba{\c{c}}{\~{a}}o fosfatada em solos da regi{\~{a}}o do cerrado}},
    year = {2004},
    booktitle = {Anais do Simp{\'{o}}sio sobre f{\'{o}}sforo na agricultura brasileira},
    author = {da Souza, Djalma Martinhão Gomes and Lobato, Edson},
    number = {1},
    pages = {157--200},
    url = {http://www.profigen.com.br/ler/1/355/306/fusarium}
}

@article{marinho2005,
    title = {{Altera{\c{c}}ões fisiol{\'{o}}gicas em coqueiro irrigado com {\'{a}}gua salina}},
    year = {2005},
    journal = {R. Bras. Eng. Agr{\'{i}}c. Ambiental},
    author = {Marinho, Francisco J L and Gheyi, Hans R and Fernandes, Pedro D. and Neto, MIguel Ferreira},
    number = {Suplemento},
    pages = {370--374},
    volume = {9}
}

@article{Cela2018,
    title = {{An altered tocopherol composition in chloroplasts reduces plant resistance to Botrytis cinerea}},
    year = {2018},
    journal = {Plant Physiology and Biochemistry},
    author = {Cela, Jana and Tweed, John K.S. and Sivakumaran, Anushen and Lee, Michael R.F. and Mur, Luis A.J. and Munn{\'{e}}-Bosch, Sergi},
    number = {February},
    pages = {200--210},
    volume = {127},
    publisher = {Elsevier},
    url = {https://doi.org/10.1016/j.plaphy.2018.03.033},
    doi = {10.1016/j.plaphy.2018.03.033},
    issn = {09819428},
    keywords = {Biotic stress, Hormonal balance, Jasmonic acid, Lipid profile, Tocopherols}
}

@phdthesis{Enes2006,
    title = {{An{\'{a}}lise de resposta em frequ{\^{e}}ncia do biospeckle laser}},
    year = {2006},
    author = {Enes, Adilson M. and Rabelo, Giovanni F.},
    url = {http://repositorio.ufla.br},
    school = {UFLA}
}

@article{Oliveira,
    title = {{An{\'{a}}lise de Sistemas de Produ{\c{c}}{\~{a}}o de Mudas de Citros Utilizados em Viveiros Telados no Rio Grande do Sul}},
    year = {2016},
    journal = {Embrapa Clima Temperado-Documentos (INFOTECA-E)},
    author = {Oliveira, Roberto Pedroso de and Schuch, João Luiz Duarte and Carvalho, Flávio Luiz Carpena and Scivittaro, Walkyria Bueno and de Souza, Paulo Vitor Dutra},
    pages = {69},
    keywords = {Fl{\'{a}}vio Luiz Carpena Carvalho, Jo{\~{a}}o Luiz Duarte Schuch, Paulo Vitor Dutra de Souza, Roberto Pedroso de Oliveira, Walkyria Bueno Scivittaro}
}

@article{DeOliveira2016,
    title = {{An{\'{a}}lise de sistemas de produ{\c{c}}{\~{a}}o de mudas de citros utilizados em viveiros telados no Rio Grande do Sul.}},
    year = {2016},
    journal = {Embrapa Clima Temperado-Documentos (INFOTECA-E)},
    author = {de Oliveira, Roberto Pedroso and Schuch, João Luiz Duarte and Carvalho, Flávio Luiz Carpena and Scivittaro, Walkyria Bueno and de Souza, Paulo Vitor Dutra},
    publisher = {Pelotas: Embrapa Clima Temperado, 2016.}
}

@article{Gameiro2009,
    title = {{An{\'{a}}lise Econ{\^{o}}mica dos Sistemas de Carregamento de Citros para Processamento Industrial}},
    year = {2009},
    author = {Gameiro, Augusto},
    number = {February 2015}
}

@article{Gameiro2009b,
    title = {{An{\'{a}}lise Econ{\^{o}}mica dos Sistemas de Carregamento de Citros para Processamento Industrial}},
    year = {2009},
    author = {Gameiro, Augusto},
    number = {February 2015}
}

@article{MeiryDaSilva,
    title = {{AN{\'{A}}LISE LABORATORIAL DA CAPACIDADE DE CAMPO E PONTO DE MURCHA}},
    author = {Meiry Da Silva, Cyntia and Rosado, Thiago Lopes and Fialho, Edvaldo and Reis, Dos},
    url = {http://www.inicepg.univap.br/cd/INIC_2006/inic/inic/01/INIC0000229 ok.pdf}
}

@article{Guilherme2014,
    title = {{An{\'{a}}lise sensorial e f{\'{i}}sico-qu{\'{i}}mica de frutos tomate cereja org{\^{a}}nicos}},
    year = {2014},
    journal = {Revista Caatinga},
    author = {Guilherme, Denilson De Oliveira and De Pinho, Lucinéia and Menezes Cavalcanti, Thâmara Figueiredo and Da Costa, Cândido Alves and De Almeida, Anna Christina},
    number = {1},
    pages = {181--186},
    volume = {27},
    issn = {19832125},
    keywords = {Flavor, Lycopersion esculentum, Organic crop, Quality}
}

@misc{Chatterjee2017,
    title = {{Anti-spoof touchless 3D fingerprint recognition system using single shot fringe projection and biospeckle analysis}},
    year = {2017},
    booktitle = {Optics and Lasers in Engineering},
    author = {Chatterjee, Amit and Bhatia, Vimal and Prakash, Shashi},
    pages = {1--7},
    volume = {95},
    publisher = {Elsevier},
    url = {http://www.profigen.com.br}
}

@article{Chatterjee2017b,
    title = {{Anti-spoof touchless 3D fingerprint recognition system using single shot fringe projection and biospeckle analysis}},
    year = {2017},
    journal = {Optics and Lasers in Engineering},
    author = {Chatterjee, Amit and Bhatia, Vimal and Prakash, Shashi},
    pages = {1--7},
    volume = {95},
    publisher = {Elsevier}
}

@article{Hadian2008a,
    title = {{Antifungal Potency of Some Essential Oils in Control of Postharvest Decay of Strawberry Caused by <i>Botrytis cinerea, Rhizopus stolonifer</i>and <i>Aspergillus niger</i>}},
    year = {2008},
    journal = {Journal of Essential Oil Bearing Plants},
    author = {Hadian, Javad and Ghasemnezhad, Mahmood and Ranjbar, Hamid and Frazane, Mohsan and Ghorbanpour, Mansoor},
    number = {5},
    month = {1},
    pages = {553--562},
    volume = {11},
    url = {http://www.tandfonline.com/doi/abs/10.1080/0972060X.2008.10643666},
    doi = {10.1080/0972060X.2008.10643666},
    issn = {0972-060X}
}

@article{Hadian2008ab,
    title = {{Antifungal Potency of Some Essential Oils in Control of Postharvest Decay of Strawberry Caused by Botrytis cinerea, Rhizopus stolonifer and Aspergillus niger}},
    year = {2008},
    journal = {Journal of Essential Oil Bearing Plants},
    author = {Hadian, Javad and Ghasemnezhad, Mahmood and Ranjbar, Hamid and Frazane, Mohsan and Ghorbanpour, Mansoor},
    number = {5},
    month = {1},
    pages = {553--562},
    volume = {11},
    url = {http://www.tandfonline.com/doi/abs/10.1080/0972060X.2008.10643666},
    doi = {10.1080/0972060X.2008.10643666},
    issn = {0972-060X}
}

@article{Hadian2008,
    title = {{Antifungal Potency of Some Essential Oils in Control of Postharvest Decay of Strawberry Caused by Botrytis cinerea, Rhizopus stolonifer and Aspergillus niger}},
    year = {2008},
    journal = {Journal of Essential Oil-Bearing Plants},
    author = {hadian, Javad and Ghasemnezhad, Mahmood and Ranjbar, Hamid and Frazane, Mohsan and Ghorbanpour, Mansoor},
    number = {5},
    pages = {553--562},
    volume = {11},
    isbn = {0972-060X},
    doi = {10.1080/0972060X.2008.10643666},
    issn = {0972060X},
    keywords = {Antifungal activity, Cuminum cyminum, Essential oil, Foeniculum vulgare, Lavandula angustifolia, Mentha piperita, Postharvest, Strawberry}
}

@article{Pittol2017,
    title = {{Antimicrobial Performance of Thermoplastic Elastomers Containing Zinc Pyrithione and Silver Nanoparticles}},
    year = {2017},
    author = {Pittol, Michele and Tomacheski, Daiane and Simões, Douglas Naue and Ferreira Ribeiro, Vanda and Marlene, Ruth and Santana, Campomanes},
    number = {5},
    pages = {1266--1273},
    volume = {20},
    url = {http://dx.doi.org/10.1590/},
    doi = {10.1590/1980-5373-MR-2017-0137},
    keywords = {Antimicrobial polymer, silver nanoparticles, thermoplastic elastomers, zinc pyrithione}
}

@article{Treichel2016,
    title = {{Anu{\'{a}}rio Brasileiro do Tomate}},
    year = {2016},
    journal = {GAZETA},
    author = {Treichel, Michelle and Carvalho, Cleonice de and Filter, Cássio Frenando and Beling, Romar Rudolfo},
    pages = {84},
    url = {https://www.embrapa.br/documents/1355126/10765216/2016_12_01+Anuário+Brasileiro+do+Tomate.pdf/45623580-69d1-f1f8-1b76-9ee863290228}
}

@misc{EditoraGAZETA,
    title = {{Anu{\'{a}}rio Brasileiro do Tomate 2016}},
    author = {{Editora GAZETA}},
    url = {http://www.editoragazeta.com.br/flip/anuario-tomate-2016/index.html#10/z}
}

@article{Antunes2017,
    title = {{Anu{\'{a}}rio HF 2017}},
    year = {2017},
    journal = {Campo {\&} Lavoura},
    author = {Antunes, L E C and Fagherazzi, A F and Vignolo, G K},
    number = {1},
    pages = {96--102},
    url = {https://ainfo.cnptia.embrapa.br/digital/bitstream/item/157892/1/Luis-Eduardo-02.14.01.019.01.003-HF2017.pdf}
}

@article{Amaral2012,
    title = {{Aplica{\c{c}}{\~{a}}o da t{\'{e}}cnica do biospeckle laser na determina{\c{c}}{\~{a}}o de fen{\^{o}}menos biol{\'{o}}gicos relacionados {\`{a}} matura{\c{c}}{\~{a}}o da carne bovina}},
    year = {2012},
    author = {Amaral, Isis Celena and Braga Junior, Roberto Alves and Ramos, Eduardo Mendes},
    url = {http://www.prpg.ufla.br}
}

@article{Costa2013,
    title = {{Aplica{\c{c}}{\~{a}}o de diferentes concentra{\c{c}}ões do biofertilizante urina de vaca na produ{\c{c}}{\~{a}}o de mudas de tomate}},
    year = {2013},
    author = {Costa, Reinaldo Adriano and Silva, Patrícia Costa and Lima, Cintia Gabriela and Ferreira, Aguiar and Maria, Regina and Lana, Quintão}
}

@misc{Rodrigues2007,
    title = {{Aplica{\c{c}}{\~{a}}o do speckle din{\^{a}}mico na an{\'{a}}lise de sementes de feij{\~{a}}o ( Phaseolus vulgaris L}},
    year = {2007},
    booktitle = {Revista Brasileira de Produtos Agroindustriais},
    author = {Rodrigues, Silvestre and Alves, Roberto and J{\'{u}}nior, Braga and Rabelo, Giovanni Francisco and Maria, Inacio and Fabbro, Dal and Enes, Adilson Machado},
    number = {35},
    pages = {119--124},
    volume = {9},
    url = {http://www.profigen.com.br/ler/1/355/306/fusarium},
    doi = {10.15871/1517-8595/rbpa.v9n2p119-124},
    issn = {15178595},
    keywords = {09, 2007, {\_}{\_}{\_}{\_}{\_}{\_}{\_}{\_}{\_}{\_}{\_}{\_}{\_}{\_}{\_}{\_}{\_}{\_}{\_}{\_}{\_}{\_}{\_}{\_}{\_}{\_}{\_}{\_}{\_}{\_}{\_}{\_}{\_}{\_}{\_}{\_}{\_}{\_}{\_}{\_}{\_}, biospeckle, laser, protocolo 930 de 27, viability of seeds}
}

@article{Rodrigues2007b,
    title = {{Aplica{\c{c}}{\~{a}}o do speckle din{\^{a}}mico na an{\'{a}}lise de sementes de feij{\~{a}}o (Phaseolus vulgaris L)}},
    year = {2007},
    journal = {Revista Brasileira de Produtos Agroindustriais},
    author = {Rodrigues, Silvestre and Braga J{\'{u}}nior, R.A. and Rabelo, G.F. and Fabbro, I.M.D. and Enes, A.M.},
    number = {2},
    pages = {119--124},
    volume = {9},
    url = {http://www.bibliotekevirtual.org},
    doi = {10.15871/1517-8595/rbpa.v9n2p119-124},
    issn = {15178595}
}

@article{Goncalves2017,
    title = {{APLICATIVO INTERGAS PLUS: INTERPRETA{\c{C}}{\~{A}}O DA GASOMETRIA ARTERIAL}},
    year = {2017},
    journal = {Sa{\'{u}}de. com},
    author = {Gon{\c{c}}alves, Francisco Brandão and de Queiroz, Valéria Argôlo Rosa and de Queiroz, Rodrigo Santos and Lopes, Claudia Ribeiro Santos},
    number = {4},
    volume = {12},
    doi = {10.22481/rsc.v12i4.473},
    issn = {18090761}
}

@article{gonccalves2017aplicativo,
    title = {{APLICATIVO INTERGAS PLUS: INTERPRETA{\c{C}}{\~{A}}O DA GASOMETRIA ARTERIAL}},
    year = {2017},
    journal = {Sa{\{}{\'{u}}{\}}de. com},
    author = {Gon{\c{c}}alves, Francisco Brandão and de Queiroz, Valéria Argôlo Rosa and de Queiroz, Rodrigo Santos and Lopes, Claudia Ribeiro Santos},
    number = {4},
    volume = {12}
}

@article{Goncalves2017a,
    title = {{APLICATIVO INTERGAS PLUS: INTERPRETA{\c{C}}{\~{A}}O DA GASOMETRIA ARTERIAL}},
    year = {2017},
    journal = {Sa{\'{u}}de. com},
    author = {Gon{\c{c}}alves, Francisco Brandão and de Queiroz, Valéria Argôlo Rosa and de Queiroz, Rodrigo Santos and Lopes, Claudia Ribeiro Santos},
    number = {4},
    volume = {12}
}

@misc{Amaral2013,
    title = {{Application of biospeckle laser technique for determining biological phenomena related to beef aging}},
    year = {2013},
    booktitle = {Journal of Food Engineering},
    author = {Amaral, Isis Celena and Braga, Roberto Alves and Ramos, Eduardo Mendes and Ramos, Alcinéia Lemos Souza and Roxael, Estevam Abreu Rezende},
    number = {1},
    pages = {135--139},
    volume = {119},
    publisher = {Elsevier},
    url = {http://www.profigen.com.br/ler/1/355/306/fusarium},
    doi = {10.1016/j.jfoodeng.2013.05.015},
    issn = {02608774},
    keywords = {Biospeckle laser, Color, Inertia moment, Tenderness}
}

@article{Amaral2013a,
    title = {{Application of biospeckle laser technique for determining biological phenomena related to beef aging}},
    year = {2013},
    journal = {Journal of Food Engineering},
    author = {Amaral, Isis Celena and Braga, Roberto Alves and Ramos, Eduardo Mendes and Ramos, Alcinéia Lemos Souza and Roxael, Estevam Abreu Rezende},
    number = {1},
    pages = {135--139},
    volume = {119},
    publisher = {Elsevier}
}

@article{Opiniao,
    title = {{Artigo de opini{\~{a}}o}},
    author = {Opini{\~{a}}o, Artigo D E},
    pages = {1--12},
    doi = {10.4025/jphyseduc.v29i1.2901},
    keywords = {curriculum, germany, physical education, professional qualification}
}

@article{Silva2014,
    title = {{Aspectos agron{\^{o}}micos do tomateiro “Caline Ipa 6” cultivado sob regimes h{\'{i}}dricos em {\'{a}}rea do semi{\'{a}}rido}},
    year = {2014},
    journal = {Agro@mbiente On-line},
    author = {Silva, Juliete Araújo and Dutra, Alexson Filgueiras and Cavalcanti, Nariane Meire da Silva and Melo, Alberto Soares and Silva, Flaviana Gonçalves and Silva, José Madson},
    pages = {226--244},
    volume = {8},
    keywords = {calineipa6}
}

@article{Moraes2014,
    title = {{Aspectos agronômicos do tomateiro “Caline Ipa 6” cultivado sob regimes hídricos em área do semiárido}},
    year = {2014},
    journal = {Revista Agro@Mbiente on-Line},
    author = {Moraes, João Gutemberg Leite and Silva, Jefté Ferreira da and Cordeiro, Igor Martins and Bleicher, Ervino},
    number = {3},
    pages = {336--344},
    volume = {8},
    url = {http://revista.ufrr.br/index.php/agroambiente/article/view/1951},
    isbn = {1942847020140},
    doi = {10.5327/Z},
    issn = {1982-8470},
    keywords = {ipa6}
}

@article{Ansari2018,
    title = {{Assessment of biological leaf tissue using biospeckle laser imaging technique}},
    year = {2018},
    author = {Ansari, M Z and Mujeeb, A and Nirala, A K},
    publisher = {IOP Publishing}
}

@article{Polaquini2016,
    title = {{ATIVIDADE ANTI- Xanthomonas citri subsp citri DE H{\'{I}}BRIDOS MOLECULARES ALTERNATIVA PARA A CITRICULTURA . ANTI- Xanthomonas citri subsp citri ACTIVITY OF HYBRIDS MOLECULAR}},
    year = {2016},
    author = {Polaquini, Carlos Roberto and Regasini, Luis Octavio and Ferreira, Henrique}
}

@article{Polaquini2016b,
    title = {{ATIVIDADE ANTI- Xanthomonas citri subsp citri DE H{\'{I}}BRIDOS MOLECULARES ALTERNATIVA PARA A CITRICULTURA . ANTI- Xanthomonas citri subsp citri ACTIVITY OF HYBRIDS MOLECULAR}},
    year = {2016},
    journal = {Ci{\^{e}}ncia {\&} Tecnologia: FATEC-JB},
    author = {Polaquini, Carlos Roberto and Regasini, Luis Octavio and Ferreira, Henrique},
    volume = {8}
}

@article{Polaquini2016a,
    title = {{ATIVIDADE ANTI- Xanthomonas citri subsp citri DE H{\'{I}}BRIDOS MOLECULARES ALTERNATIVA PARA A CITRICULTURA . ANTI- Xanthomonas citri subsp citri ACTIVITY OF HYBRIDS MOLECULAR}},
    year = {2016},
    author = {Polaquini, Carlos Roberto and Regasini, Luis Octavio and Ferreira, Henrique}
}

@article{Elizei2016,
    title = {{Atividade antif{\'{u}}ngica,  in vitro , do {\'{o}}leo de caf{\'{e}} verde}},
    year = {2016},
    journal = {Arq. Inst. Biol},
    author = {Elizei, Virgínia Guerra and Chalfoun, Sara Maria and Botelho, Deila Magna dos Santos},
    pages = {1--4},
    volume = {83},
    url = {http://www.scielo.br/pdf/aib/v83/1808-1657-aib-1162013.pdf},
    doi = {10.1590/1808-1657001162013}
}

@article{Soler2005,
    title = {{Atributos f{\'{i}}sicos do solo relacionados ao armazenamento de {\'{a}}gua em um Argissolo Vermelho sob diferentes sistemas de preparo Soil physics properties related to water storage and tillage systems in a Loamy Acrisol}},
    year = {2005},
    author = {Soler, Mellissa Ananias and Silva, Da and Mafra, Álvaro Luiz and Albuquerque, Jackson Adriano and Bayer, Cimélio and Mielniczuk, João},
    number = {3},
    pages = {544--552},
    volume = {35335},
    url = {http://www.scielo.br/pdf/%0D/cr/v35n3/a09v35n3.pdf},
    issn = {0103-8478}
}

@article{Silveira2015,
    title = {{Aux{\'{i}}lio na diagnose de doen{\c{c}}as de plantas {\`{a}} comunidade acad{\^{e}}mica da UEMS - Aquidauana}},
    year = {2015},
    journal = {ANAIS DO SEMEX},
    author = {Silveira, Rogério Romero da and Graichen, Felipe André Sganzerla},
    number = {5},
    pages = {1--6},
    volume = {5}
}

@article{Silveira2015b,
    title = {{Aux{\'{i}}lio na diagnose de doen{\c{c}}as de plantas {\`{a}} comunidade acad{\^{e}}mica da UEMS - Aquidauana}},
    year = {2015},
    journal = {ANAIS DO SEMEX},
    author = {da Silveira, Rogério Romero and Graichen, Felipe André Sganzerla},
    number = {5},
    pages = {1--6},
    volume = {5}
}

@phdthesis{Rabelo2000,
    title = {{Avalia{\c{c}}{\~{a}}o da Aplica{\c{c}}{\~{a}}o do “Speckle” Din{\^{a}}mico no Monitoramento da Qualidade da Laranja}},
    year = {2000},
    author = {Rabelo, Giovanni and Fabbro, Inacio},
    pages = {177},
    url = {http://repositorio.unicamp.br},
    school = {UNICAMP}
}

@article{Burbarelli2004,
    title = {{AVALIA{\c{C}}{\~{A}}O DA QUALIDADE DA {\'{A}}GUA SUBTERR{\^{A}}NEA E MICROBIOLOGIA DO SOLO EM {\'{A}}REA IRRIGADA COM EFLUENTE DE LAGOA ANAER{\'{O}}BIA}},
    year = {2004},
    author = {Burbarelli, Rodrigo Carminatti},
    url = {http://repositorio.unicamp.br/bitstream/REPOSIP/257781/1/Burbarelli_RodrigoCarminatti_M.pdf}
}

@article{Macedo.2016,
    title = {{Bases Tecnol{\'{o}}gicas para o Cultivo de Tomate no Sistema de Produ{\c{c}}{\~{a}}o TOMATEC {\textregistered}}},
    year = {2016},
    author = {Macedo., José Ronaldo de}
}

@article{Macedo.2016b,
    title = {{Bases Tecnol{\'{o}}gicas para o Cultivo de Tomate no Sistema de Produ{\c{c}}{\~{a}}o TOMATEC {\textregistered}}},
    year = {2016},
    author = {de Macedo., José Ronaldo}
}

@article{Lorenzetti2011,
    title = {{Bioatividade de {\'{o}}leos essenciais no controle de Botrytis cinerea isolado de morangueiro}},
    year = {2011},
    journal = {Rev. Bras. Pl. Med},
    author = {Lorenzetti, E R and Monteiro, F P and Souza, ; and Scalice, ; and Jr, Diogo and Pires, ; O},
    pages = {619--627},
    volume = {13},
    url = {http://www.sbpmed.org.br/download/issn_11_5/v13_esp_19.pdf},
    keywords = {Botrytis cinerea, Fragaria x ananassa Duch Ex Rozier, biological control, essential oil, fungicide resistance, organic agriculture}
}

@article{Vivas2017,
    title = {{Biospeckle activity in coffee seeds is associated non destructively with seedling quality}},
    year = {2017},
    journal = {Annals of Applied Biology},
    author = {Vivas, P. G. and Resende, L. S. and Braga, R. A. and Guimar{\~{a}}es, R. M. and Azevedo, R. and da Silva, E. A.A. and Toorop, P. E.},
    number = {2},
    pages = {141--149},
    volume = {170},
    doi = {10.1111/aab.12314},
    issn = {17447348},
    keywords = {Biospeckle laser, coffee, embryo growth, germination, seed quality}
}

@misc{Viana2017,
    title = {{Biospeckle laser technique applied for estimating disinfection accomplishment of wastewaters subjected to chlorination}},
    year = {2017},
    booktitle = {Process Safety and Environmental Protection},
    author = {Viana, D. C. and Pires, J. F. and Braga, R. A.},
    pages = {670--676},
    volume = {109},
    publisher = {Institution of Chemical Engineers},
    url = {http://www.profigen.com.br},
    doi = {10.1016/j.psep.2017.05.017},
    issn = {09575820},
    keywords = {Automation, Biospeckle, Chlorination, Disinfection, Laser, Wastewater treatment}
}

@article{Soares2013,
    title = {{Biospeckle PIV (Particle Image Velocimetry) for analyzing fluid flow}},
    year = {2013},
    journal = {Flow Measurement and Instrumentation},
    author = {Soares, R.R. and Barbosa, H.C. and Braga, R.A. and Botega, J.V.L. and Horgan, G.W.},
    month = {4},
    pages = {90--98},
    volume = {30},
    url = {http://linkinghub.elsevier.com/retrieve/pii/S0955598613000149},
    doi = {10.1016/j.flowmeasinst.2013.01.008},
    issn = {09555986}
}

@article{Kovacec2017a,
    title = {{Biotransformation of copper oxide nanoparticles by the pathogenic fungus Botrytis cinerea}},
    year = {2017},
    journal = {Chemosphere},
    author = {Kova{\v{c}}ec, Eva and Regvar, Marjana and van Elteren, Johannes Teun and Ar{\v{c}}on, Iztok and Papp, Tamás and Makovec, Darko and Vogel-Miku{\v{s}}, Katarina},
    month = {8},
    pages = {178--185},
    volume = {180},
    url = {http://linkinghub.elsevier.com/retrieve/pii/S0045653517305453},
    doi = {10.1016/j.chemosphere.2017.04.022},
    issn = {00456535}
}

@article{Kovacec2017,
    title = {{Biotransformation of copper oxide nanoparticles by the pathogenic fungus Botrytis cinerea}},
    year = {2017},
    journal = {Chemosphere},
    author = {Kova{\v{c}}ec, Eva and Regvar, Marjana and van Elteren, Johannes Teun and Ar{\v{c}}on, Iztok and Papp, Tamás and Makovec, Darko and Vogel-Miku{\v{s}}, Katarina},
    pages = {178--185},
    volume = {180},
    doi = {10.1016/j.chemosphere.2017.04.022},
    issn = {18791298},
    keywords = {Botrytis cinerea, Copper, Cu-oxalate, Detoxification mechanisms, Metal oxide nanoparticles, Metal pollution}
}

@article{Kovacec2017ab,
    title = {{Biotransformation of copper oxide nanoparticles by the pathogenic fungus Botrytis cinerea}},
    year = {2017},
    journal = {Chemosphere},
    author = {Kova{\v{c}}ec, Eva and Regvar, Marjana and van Elteren, Johannes Teun and Ar{\v{c}}on, Iztok and Papp, Tamás and Makovec, Darko and Vogel-Miku{\v{s}}, Katarina},
    pages = {178--185},
    volume = {180},
    url = {http://linkinghub.elsevier.com/retrieve/pii/S0045653517305453},
    doi = {10.1016/j.chemosphere.2017.04.022},
    issn = {00456535}
}

@article{Vasconcelos2015,
    title = {{Biotransformation of the Diterpene Ent-18,19-dihydroxytrachylobane by Rhizopus stolonifer}},
    year = {2015},
    journal = {Article J. Braz. Chem. Soc},
    author = {Vasconcelos, Daniely H P and Mafezoli, Jair and Uch{\^{o}}a, Paula K S and Saraiva, Natalia N and Lima, Mary A S and J{\'{u}}nior, José N Silva and Barbosa, Francisco G and Mattos, Marcos C and De Oliveira, Maria C F and Lima, Cristiano S and Pessoa, Maria N G},
    number = {5},
    pages = {1043--1047},
    volume = {26},
    url = {http://dx.doi.org/10.5935/0103-5053.20150070},
    doi = {10.5935/0103-5053.20150070},
    keywords = {Rhizopus stolonifer, biotransformation, ent-kaur-11-ene diterpenes, ent-trachylobane diterpene, fungus}
}

@book{Nicoletto2010,
    title = {{Buchpa{\ss} [Buchpa{\ss}-Kartei f. Wirtschaftsliteratur] Abt. 5. Industrieökonomik-Bauwirtschaft}},
    year = {2010},
    booktitle = {Clinical {\&} Biomedical Research},
    author = {Nicoletto, Bruna Bellincanta and Siqueira, Letícia Vicari de and Pinheiro, Michele Carvalho and Tonding, Simone Frederico and Moreira, Júlia Dubois and Bueno, Aline Lopes and Behling, Estela Beatriz},
    number = {3},
    volume = {30},
    publisher = {Verl. Die Wirtschaft},
    url = {http://seer.ufrgs.br/hcpa http://seer.ufrgs.br/index.php/hcpa/article/view/15680/9847},
    issn = {2357-9730},
    keywords = {C{\'{a}}lcio, Nutri{\c{c}}{\~{a}}o, Osteog{\^{e}}nese imperfeita, Pamidronato}
}

@book{Nicoletto2010b,
    title = {{Buchpa{\ss}[Buchpa{\ss}-Kartei f. Wirtschaftsliteratur] Abt. 5. Industrieökonomik-Bauwirtschaft}},
    year = {2010},
    booktitle = {Clinical {\&} Biomedical Research},
    author = {Nicoletto, Bruna Bellincanta and de Siqueira, Letícia Vicari and Pinheiro, Michele Carvalho and Tonding, Simone Frederico and Moreira, Júlia Dubois and Bueno, Aline Lopes and Behling, Estela Beatriz},
    number = {3},
    volume = {30},
    publisher = {Verl. Die Wirtschaft},
    url = {http://seer.ufrgs.br/hcpa http://seer.ufrgs.br/index.php/hcpa/article/view/15680/9847},
    issn = {2357-9730},
    keywords = {C{\'{a}}lcio, Nutri{\c{c}}{\~{a}}o, Osteog{\^{e}}nese imperfeita, Pamidronato}
}

@article{Baltokoski2010,
    title = {{Calibra????o de modelo para a simula????o de vaz??o e de f??sforo total nas sub-bacias dos rios Conrado e Pinheiro - Pato Branco (PR)}},
    year = {2010},
    journal = {Revista Brasileira de Ciencia do Solo},
    author = {Baltokoski, Valmir and Tavares, Maria Hermínia Ferreira and Machado, Ronalton Evandro and de Oliveira, Marcio Paulo},
    number = {1},
    pages = {253--261},
    volume = {34},
    isbn = {0100-0683},
    doi = {10.1590/S0100-06832010000100026},
    issn = {01000683},
    keywords = {Geotechnologies, Hydrologic modeling, Nonpoint source pollution, Phosphorous transport, Water quality}
}

@article{Pinheiro2009,
    title = {{Capacidade de infiltra{\c{c}}{\~{a}}o de {\'{a}}gua em solos sob diferentes usos e pr{\'{a}}ticas de manejo agr{\'{i}}cola}},
    year = {2009},
    journal = {Revista Ambiente {\&} {\'{A}}gua -An Interdisciplinary Journal of Applied Science Tel},
    author = {Pinheiro, Adilson and Lizandra, ; and Teixeira, Poeta and Kaufmann, Vander},
    number = {212},
    pages = {3625--4116},
    volume = {4},
    url = {www.agro.unitau.br/ambi-agua},
    doi = {10.4136/1980-993X}
}

@article{Melloni2001,
    title = {{CARACTER{\'{I}}STICAS BIOL{\'{O}}GICAS DE SOLOS SOB MATA CILIAR E CAMPO CERRADO NO SUL DE MINAS GERAIS}},
    year = {2001},
    author = {Melloni, Rogério and Pereira, Eliane G and Trannin, Isabel C B and Santos, Diércules R Dos and Moreira, Fátima M S},
    url = {https://www.agencia.cnptia.embrapa.br/recursos/Caracteristicas_Biol_Solos_MtCil_Cer_MGID-4meHPpQx4F.pdf}
}

@article{Paula2015,
    title = {{Caracter{\'{i}}sticas f{\'{i}}sico-qu{\'{i}}micas e compostos bioativos em frutos de tomateiro colhidos em diferentes est{\'{a}}dios de matura{\c{c}}{\~{a}}o}},
    year = {2015},
    journal = {Horticultura Brasileira},
    author = {Paula, Juliana T and Resende, Juliano; and Faria, Marcos and Figueiredo, Alex and Schwarz, Kélin and Neumann, Edina},
    pages = {434--440},
    volume = {33},
    url = {http://www.scielo.br/pdf/hb/v33n4/1806-9991-hb-33-04-00434.pdf},
    doi = {10.1590/S0102-053620150000400005},
    issn = {01020536},
    keywords = {antioxidants}
}

@article{Kozio2017,
    title = {{Changes of pectin nanostructure and cell wall stiffness induced in vitro by pectinase}},
    year = {2017},
    journal = {Carbohydrate Polymers},
    author = {Kozio{\l}, Arkadiusz and Cybulska, Justyna and Pieczywek, Piotr M. and Zdunek, Artur},
    volume = {161},
    doi = {10.1016/j.carbpol.2017.01.014},
    issn = {01448617}
}

@misc{Capeche,
    title = {{CHC | Solos brasileiros}},
    author = {Capeche, Claudio Lucas},
    url = {http://chc.org.br/solos-brasileiros/}
}

@book{citros_se,
    title = {{Citricultura no ESTADO DE SERGIPE}},
    year = {2015},
    booktitle = {Grupo de Consutores em Citros},
    author = {Martins, Carlos Roberto and Carlos Roberto, Teodoro and H{\'{e}}lio Wilson L. de, Carvalho},
    number = {1},
    pages = {5},
    volume = {1}
}

@article{FAO2015,
    title = {{Citrus Fruit Statistics 2015}},
    year = {2015},
    journal = {Food and Agriculture Organization of the United Nations},
    author = {{FAO}},
    pages = {53},
    url = {http://www.profigen.com.br/ler/1/355/306/fusarium}
}

@article{Sartori2005,
    title = {{Classifica{\c{c}}{\~{a}}o Hidrol{\'{o}}gica de Solos Brasileiros para a Estimativa da Chuva Excedente com o M{\'{e}}todo do Servi{\c{c}}o de Conserva{\c{c}}{\~{a}}o do Solo dos Estados Unidos Parte 1: Classifica{\c{c}}{\~{a}}o}},
    year = {2005},
    journal = {Out},
    author = {Sartori, Aderson and Neto, Francisco Lombardi and Genovez, Abel Maia},
    number = {4},
    pages = {5--18},
    volume = {10},
    url = {http://132.248.9.34/hevila/Revistabrasileiraderecursoshidricos/2005/vol10/no4/1.pdf}
}

@misc{Babazadeh2016,
    title = {{Classification of potato tubers based on solanine toxicant using laser-induced light backscattering imaging}},
    year = {2016},
    booktitle = {Computers and Electronics in Agriculture},
    author = {Babazadeh, Saeedeh and Ahmadi Moghaddam, Parviz and Sabatyan, Arash and Sharifian, Faroogh},
    pages = {1--8},
    volume = {129},
    publisher = {Elsevier},
    url = {http://www.profigen.com.br},
    doi = {10.1016/j.compag.2016.09.009},
    issn = {01681699},
    keywords = {Artificial neural network, HPLC, Laser, Potato, Scattering, {$\alpha$}-Solanine}
}

@article{Babazadeh2016a,
    title = {{Classification of potato tubers based on solanine toxicant using laser-induced light backscattering imaging}},
    year = {2016},
    journal = {Computers and Electronics in Agriculture},
    author = {Babazadeh, Saeedeh and Moghaddam, Parviz Ahmadi and Sabatyan, Arash and Sharifian, Faroogh},
    pages = {1--8},
    volume = {129},
    publisher = {Elsevier}
}

@article{Leotti2005,
    title = {{Compara{\c{c}}{\~{a}}o dos testes de ader{\^{e}}ncia {\`{a}} normalidade Kolmogorov-Smirnov, Anderson-Darling, Cramer-Von Mises e Shapiro-Wilk por simula{\c{c}}{\~{a}}o}},
    year = {2005},
    journal = {11.{\textordmasculine} Simp{\'{o}}sio de Estat{\'{i}}stica Aplicada {\`{a}} Experimenta{\c{c}}{\~{a}}o Agron{\^{o}}mica e a 50{\textordfeminine} Reuni{\~{a}}o Anual da Regi{\~{a}}o Brasileira da Sociedade Internacional de Biometria (RBRAS)},
    author = {Leotti, Vanessa Bielefeldt and Birck, Alan Rodrigues and Riboldi, João},
    volume = {d},
    url = {http://www.professores.uff.br/cecilia/disciplinas/Testes_aderencia.pdf},
    isbn = {9788578110796},
    doi = {10.1017/CBO9781107415324.004},
    issn = {1098-6596},
    pmid = {25246403},
    arxivId = {arXiv:1011.1669v3}
}

@article{Nasr2018,
    title = {{Comparative effects of some extraction solvents on the antimicrobial activity of <i>Eucalyptus camaldulensis</i> leaf, bud, capsule and seed crude extracts}},
    year = {2018},
    journal = {Natural Product Research},
    author = {Nasr, Alyaa and Zhou, Xinxin and Huang, Shi-Ping and Wang, Yuan and Li, Xiaoning and Zhu, Guo-Ping},
    month = {3},
    pages = {1--6},
    url = {https://www.tandfonline.com/doi/full/10.1080/14786419.2018.1455049},
    doi = {10.1080/14786419.2018.1455049},
    issn = {1478-6419}
}

@article{AmandaWippichAndrade,
    title = {{COMPARISON OF QUALITY BETWEEN ORGANIC AND CONVENTIONAL STRAWBERRIES FROM MULTIPLE FARMS 1 COMPARA{\c{C}}{\~{A}}O DA QUALIDADE DE MORANGOS ORG{\^{A}}NICOS E CONVENCIONAIS DE V{\'{A}}RIAS PROPRIEDADES}},
    journal = {Rev. Bras. Frutic},
    author = {Amanda Wippich Andrade, Carolina and Carolina Almeida Miguel, Ana and Spricigo, Poliana Cristina and Dos, Carlos Tadeu and Dias, Santos and Jacomino, Pedro and Andrade, C A W},
    number = {2},
    volume = {39},
    url = {http://dx.doi.org/10.1590/0100-29452017045},
    doi = {10.1590/0100-29452017},
    issn = {0100-2945}
}

@article{Loiola2009,
    title = {{COMPORTAMENTO DE CULTIVARES DE COQUEIRO (Cocos nucifera L.) EM DIFERENTES CONDI{\c{C}}ÕES AGROECOL{\'{O}}GICAS DOS TABULEIROS COSTEIROS DO NORDESTE BRASILEIRO}},
    year = {2009},
    author = {Loiola, Carina Mendes},
    url = {https://bdtd.ufs.br/bitstream/tede/358/1/CARINA_MENDES_LOIOLA.pdf}
}

@article{Compressibilidade2011,
    title = {{COMPRESSIBILIDADE, RESIST{\^{E}}NCIA A PENETRA{\c{C}}{\~{A}}O E INTERVALO H{\'{I}}DRICO {\'{O}}TIMO DE UM ARGISSOLO AMARELO CULTIVADO COM CANA-DE-A{\c{C}}{\'{U}}CAR NOS TABULEIROS COSTEIROS DE ALAGOAS (1)}},
    year = {2011},
    journal = {Ci. Solo},
    author = {Compressibilidade, Resistência and {Penetra{\c{c}}{\~{a}}o} and {Intervalo} and {{\'{O}}timo} and Bras, R},
    pages = {403--415},
    volume = {35},
    url = {http://www.scielo.br/pdf/rbcs/v35n2/v35n2a10}
}

@book{HermesPeixotoSantosFilhoAntonioAlbertoRochaOliveira2016,
    title = {{Controle Alternativo das doen{\c{c}}as dos Citros}},
    year = {2016},
    booktitle = {Embrapa Mandioca e Fruticultura},
    author = {Hermes Peixoto Santos Filho Ant{\^{o}}nio Alberto Rocha Oliveira, Fernando Haddad},
    pages = {44},
    volume = {1},
    url = {http://www.profigen.com.br/ler/1/355/306/fusarium}
}

@book{FilhoSantosPeixoto,
    title = {{Controle Alternativo das doen{\c{c}}as dos Citros}},
    year = {2016},
    author = {Hermes Peixoto Santos Filho Ant{\^{o}}nio Alberto Rocha Oliveira, Fernando Haddad},
    editor = {Trindade, Aldo Vilar},
    edition = {1},
    volume = {1},
    publisher = {Embrapa},
    address = {Bras{\{}{\{}{\}}{\$}{\textbackslash}{\$}'{\$}{\textbackslash}{\$}i{\{}{\}}{\}}lia-DF}
}

@book{HermesPeixotoSantosFilhoAntonioAlbertoRochaOliveira2016a,
    title = {{Controle Alternativo das doen{\c{c}}as dos Citros}},
    year = {2016},
    author = {Hermes Peixoto Santos Filho Ant{\^{o}}nio Alberto Rocha Oliveira, Fernando Haddad},
    editor = {Trindade, Aldo Vilar},
    edition = {1},
    volume = {1},
    publisher = {Embrapa},
    address = {{\{}Bras{\$}{\textbackslash}{\$}'{\$}{\textbackslash}{\$}i{\{}{\}}{\}}lia-DF}
}

@article{Aragao2002,
    title = {{Coqueiro H{\'{i}}brido Intervarietal}},
    year = {2002},
    journal = {Embrapa},
    author = {Arag{\~{a}}o, Wilson},
    volume = {1}
}

@article{Silva2013,
    title = {{Cultivo do tomateiro em ambiente protegido sob diferentes taxas de reposi{\c{c}}{\~{a}}o da evapotrasnpira{\c{c}}{\~{a}}o}},
    year = {2013},
    journal = {Revista Brasileira de Engenharia Agricola e Ambiental},
    author = {Silva, José M and Ferreira, Rosinaldo S. and Melo, Alberto S. and Suassuna, Janivan F. and Dutra, Alexson F. and Gomes, Josivanda F.},
    pages = {40--47},
    volume = {17(1)},
    address = {Campina Grande-PB}
}

@misc{Academico2015,
    title = {{CULTIVO IN VITRO DE {\'{A}}PICES CAULINARES DE CITROS VISANDO A OBTEN{\c{C}}{\~{A}}O DE PLANTAS LIVRES DE DOEN{\c{C}}AS}},
    year = {2015},
    author = {Mendes, Maria Inês de Souza},
    pages = {1--3},
    url = {http://www.profigen.com.br/ler/1/355/306/fusarium},
    keywords = {Maria In{\^{e}}s de Souza Mendes}
}

@misc{Janeiro1851,
    title = {{DECRETO N{\textordmasculine} 630, DE 17 DE SETEMBRO DE 1851 - Publica{\c{c}}{\~{a}}o Original - Portal C{\^{a}}mara dos Deputados}},
    year = {1851},
    author = {Janeiro, Rio de},
    url = {http://www2.camara.leg.br/legin/fed/decret/1824-1899/decreto-630-17-setembro-1851-559321-publicacaooriginal-81488-pl.html}
}

@misc{Janeiro1851b,
    title = {{DECRETO N{\textordmasculine}630, DE 17 DE SETEMBRO DE 1851 - Publica{\c{c}}{\~{a}}o Original - Portal C{\^{a}}mara dos Deputados}},
    year = {1851},
    author = {de Janeiro, Rio},
    url = {http://www2.camara.leg.br/legin/fed/decret/1824-1899/decreto-630-17-setembro-1851-559321-publicacaooriginal-81488-pl.html}
}

@article{Novaes1988,
    title = {{Dermatite ulcerosa em bovinos provocada por}},
    year = {1988},
    author = {Novaes, Antonio Pereira D E and Jos{\^{e}}, Agnaldo and Santos, D O S and Barbosa, Rogério Taveira and Paula, Danilo D E and Jos{\'{e}}, Francisco},
    pages = {2--4}
}

@phdthesis{Araujo2014,
    title = {{Desempenho agron{\^{o}}mico de gen{\'{o}}tipos de tomateiro e rea{\c{c}}{\~{a}}o a geminiv{\'{i}}rus}},
    year = {2014},
    author = {Araujo, Ana Julia},
    url = {https://docs.google.com/viewerng/viewer?url=http://www.tede2.ufrpe.br:8080/tede/bitstream/tede2/5625/2/Ana+Luisa+Rodrigues+de+Araujo.pdf}
}

@article{Luz2016,
    title = {{Desempenho e diverg{\^{e}}ncia gen{\'{e}}tica de gen{\'{o}}tipos de tomate para processamento industrial}},
    year = {2016},
    journal = {Horticultura Brasileira},
    author = {Luz, José Magno Queiroz and Bittar, Cecilia Alves and Oliveira, Roberta Camargos de and Nascimento, Abadia Reis and Nogueira, Ana Paula Oliveira},
    number = {4},
    month = {11},
    volume = {34},
    url = {http://ashbmcd.com/index.php/HB/article/view/723},
    doi = {10.1590/HB.V34I4.723},
    issn = {S0102-0536}
}

@article{OLIVEIRA2012,
    title = {{Desenvolvimento de aplicativo m{\'{o}}vel de refer{\^{e}}ncia sobre vacina{\c{c}}{\~{a}}o no Brasil}},
    year = {2012},
    journal = {Journal of Health Informatics - ISSN 2175-4411},
    author = {OLIVEIRA, THIAGO ROBIS; and COSTA, FRANCIELLY MORAIS RODRIGUES},
    number = {1},
    pages = {23--27},
    volume = {4},
    url = {http://www.jhi-sbis.saude.ws/ojs-jhi/index.php/jhi-sbis/article/view/161/109},
    doi = {10.1590/S0034-89102003000600017},
    issn = {2175-4411},
    keywords = {Inform{\'{a}}tica M{\'{e}}dica, Programas de Vacina{\c{c}}{\~{a}}o, Vacina{\c{c}}{\~{a}}o}
}

@article{OLIVEIRA2012b,
    title = {{Desenvolvimento de aplicativo m{\'{o}}vel de refer{\^{e}}ncia sobre vacina{\c{c}}{\~{a}}o no Brasil}},
    year = {2012},
    journal = {Journal of Health Informatics - ISSN 2175-4411},
    author = {OLIVEIRA, THIAGO ROBIS; and COSTA, FRANCIELLY MORAIS RODRIGUES},
    number = {1},
    pages = {23--27},
    volume = {4},
    url = {http://www.profigen.com.br/ler/1/355/306/fusarium},
    doi = {10.1590/S0034-89102003000600017},
    issn = {2175-4411},
    keywords = {Inform{\'{a}}tica M{\'{e}}dica, Programas de Vacina{\c{c}}{\~{a}}o, Vacina{\c{c}}{\~{a}}o}
}

@article{gomes2016desenvolvimento,
    title = {{Desenvolvimento de aplicativo m{\'{o}}vel para informa{\c{c}}ões de linhas e hor{\'{a}}rios de {\^{o}}nibus p{\'{u}}blico em Campinas.}},
    year = {2016},
    journal = {Revista Interdisciplinar de Tecnologias e Educa{\{}{\c{c}}{\}}{\{}{\~{a}}{\}}o},
    author = {Gomes, Felipe Esmerino},
    number = {1},
    volume = {2}
}

@article{Gomes2016,
    title = {{Desenvolvimento de aplicativo m{\'{o}}vel para informa{\c{c}}ões de linhas e hor{\'{a}}rios de {\^{o}}nibus p{\'{u}}blico em Campinas.}},
    year = {2016},
    journal = {Revista Interdisciplinar de Tecnologias e Educa{\c{c}}{\~{a}}o},
    author = {Gomes, Felipe Esmerino},
    number = {1},
    volume = {2},
    url = {http://www.profigen.com.br/ler/1/355/306/fusarium}
}

@article{Kobayashi2017,
    title = {{Desenvolvimento de Aplicativo M{\'{o}}vel para Ler/Escrever: Uma Abordagem Discursiva}},
    year = {2017},
    journal = {Revista de Inform{\'{a}}tica Aplicada},
    author = {Kobayashi, Alline Mayumi Ribeiro and Freire, Fernanda Maria Pereira},
    number = {2},
    volume = {12},
    url = {http://ria.net.br/index.php/ria/article/view/177},
    doi = {10.13037/RAS.VOL12N2.177},
    issn = {2179-2518},
    keywords = {Alline Mayumi Ribeiro Kobayashi, Fernanda Maria Pereira Freire}
}

@article{Oliveira2016,
    title = {{Desenvolvimento de um aplicativo m{\'{o}}vel educacional voltado ao ensino de Estrutura de dados}},
    year = {2016},
    journal = {Brazilian Symposium on Computers in Education (Simp{\'{o}}sio Brasileiro de Inform{\'{a}}tica na Educa{\c{c}}{\~{a}}o - SBIE)},
    author = {Oliveira, Luiz and Souza, Yan Simon Pinheiro de and Froner, Diego and Martins, Aneil},
    number = {1},
    pages = {559},
    volume = {27},
    url = {http://www.br-ie.org/pub/index.php/sbie/article/view/6737/4624},
    doi = {10.5753/cbie.sbie.2016.559},
    issn = {2316-6533}
}

@article{Oliveira2016b,
    title = {{Desenvolvimento de um aplicativo m{\'{o}}vel educacional voltado ao ensino de Estrutura de dados}},
    year = {2016},
    journal = {Brazilian Symposium on Computers in Education (Simp{\'{o}}sio Brasileiro de Inform{\'{a}}tica na Educa{\c{c}}{\~{a}}o - SBIE)},
    author = {Oliveira, Luiz and Souza, Yan Simon Pinheiro de and Froner, Diego and Martins, Aneil},
    number = {1},
    pages = {559},
    volume = {27},
    url = {http://www.profigen.com.br/ler/1/355/306/fusarium},
    doi = {10.5753/cbie.sbie.2016.559},
    issn = {2316-6533}
}

@article{Aragao2003,
    title = {{Desenvolvimento e Sele{\c{c}}{\~{a}}o de H{\'{i}}bridos de Coqueiro adaptados a diferentes ecossistemas de Sergipe}},
    year = {2003},
    author = {Arag{\~{a}}o, Wilson Menezes and Ramos, Angélica Maria and Pedroso, Gabriele Torino},
    url = {http://www.fapitec.se.gov.br/sites/default/files/documentos/Bruno Ferreira/desenvolvimento_selecao_hibridos.pdf}
}

@article{DANTAS2016,
    title = {{Desenvolvimento, fisiologia da matura{\c{c}}{\~{a}}o e indicadores do ponto de colheita de frutos da umbugueleira}},
    year = {2016},
    journal = {Revista Brasileira de Fruticultura},
    author = {DANTAS, ANA LIMA and SILVA, SILVANDA DE MELO and DANTAS, RENATO LIMA and SOUSA, ALEX SANDRO BEZERRA DE and SCHUNEMANN, ANA PAULA PEREIRA},
    number = {1},
    pages = {33--42},
    volume = {38},
    url = {http://www.scielo.br/scielo.php?script=sci_arttext&pid=S0100-29452016000100033&lng=pt&tlng=pt},
    doi = {10.1590/0100-2945-271/14},
    issn = {0100-2945}
}

@article{Original2017,
    title = {{Detec{\c{c}}{\~{a}}o de Fungos em Sementes de  Acca  sellowiana  (Berg) Burret}},
    year = {2017},
    journal = {Floresta e Ambiente},
    author = {Original, Artigo and Fantinel, Vinícius Spolaor and Magda De Oliveira, Luciana and Casa, Ricardo Trezzi and Schneider, Priscilla Félix and Couto Da Rocha, Emerson and Vicente, Dalciana and Pozzan, Marluci},
    volume = {24},
    url = {http://dx.doi.org/10.1590/2179-8087.087414},
    doi = {10.1590/2179-8087.087414}
}

@article{Filho,
    title = {{Determina{\c{c}}{\~{a}}o da capacidade de infiltra{\c{c}}{\~{a}}o do solo para fins de irriga{\c{c}}{\~{a}}o por aspers{\~{a}}o}},
    author = {Filho, Justo Moretti and Manfrinato, Helio A},
    url = {http://www.scielo.br/pdf/aesalq/v22/04.pdf}
}

@article{Klar,
    title = {{Determina{\c{c}}{\~{a}}o da umidade do solo pelo m{\'{e}}todo das pesagens 1}},
    author = {Klar, A E and Villa Nova, N A and Marcos, Z Z and Cerv{\'{e}}llini, A},
    url = {http://www.scielo.br/pdf/aesalq/v23/03.pdf}
}

@article{Pott,
    title = {{DETERMINA{\c{C}}{\~{A}}O DA VELOCIDADE DE INFILTRA{\c{C}}{\~{A}}O B{\'{A}}SICA DE {\'{A}}GUA NO SOLO POR MEIO DE INFILTR{\^{O}}METROS DE ASPERS{\~{A}}O, DE PRESS{\~{A}}O E DE TENS{\~{A}}O, EM TR{\^{E}}S SOLOS DO ESTADO DE S{\~{A}}O PAULO}},
    author = {Pott, Cristiano Andre}
}

@article{Fabian2000,
    title = {{DETERMINA{\c{C}}{\~{A}}O DE CAPACIDADE DE CAMPO IN SITU  OU ATRAV{\'{E}}S DE EQUA{\c{C}}ÕES DE REGRESS{\~{A}}O}},
    year = {2000},
    author = {Fabian, Adelar José and Ottoni Filho, Theopjilo Benedicto},
    number = {5},
    pages = {1029--1036},
    volume = {35},
    url = {http://www.scielo.br/pdf/pab/v35n5/4726.pdf}
}

@article{Skic2016,
    title = {{Determination of the optimum harvest window for apples using the non-destructive biospeckle method}},
    year = {2016},
    journal = {Sensors (Switzerland)},
    author = {Skic, Anna and Szyma{\'{n}}ska-Chargot, Monika and Kruk, Beata and Chyli{\'{n}}ska, Monika and Pieczywek, Piotr Mariusz and Kurenda, Andrzej and Zdunek, Artur and Rutkowski, Krzysztof P.},
    number = {5},
    volume = {16},
    isbn = {1424-8220},
    doi = {10.3390/s16050661},
    issn = {14248220},
    pmid = {27171093}
}

@article{Zambrano2014,
    title = {{Determining the effectiveness of   Candida  guilliermondii  in the biological control of   Rhizopus stolonifer  in postharvest tomatoes}},
    year = {2014},
    author = {Zambrano, Crispin Celis and Duran, Gerardo Moreno and Sequeda-Casta{\~{n}}eda, Luis Gonzalo and Caicedo, Andrea García and Albarrac{\'{i}}n, Diana Marcela and Claudia, Luz and Charry, Barreto},
    number = {1},
    pages = {51--62},
    volume = {19},
    url = {http://www.scielo.org.co/pdf/unsc/v19n1/v19n1a04.pdf},
    doi = {10.11144/Javeriana.SC19-1.debc}
}

@book{Oppenheim1989,
    title = {{Discrete-time Signal Processing}},
    year = {1989},
    author = {Oppenheim, Alan V. and Schafer, Ronald W.},
    edition = {2{\textordfeminine}},
    pages = {897},
    url = {ftp://doc.nit.ac.ir/cee},
    isbn = {0-13-754920-2}
}

@article{DeSaPaye2014,
    title = {{Distribution and fractionation of the rare earth elements in Brazilian soils}},
    year = {2014},
    journal = {Journal of Geochemical Exploration},
    author = {de S{\'{a}} Paye, Henrique and de Mello, Jaime W.V. and de Magalh{\~{a}}es Mascarenhas, Gustavo Rocha Lima and Gasparon, Massimo},
    pages = {27--41},
    volume = {161},
    publisher = {Elsevier B.V.},
    url = {http://dx.doi.org/10.1016/j.gexplo.2015.09.003},
    doi = {10.1016/j.gexplo.2015.09.003},
    issn = {03756742},
    keywords = {Abundance, Environmental quality standards, Lanthanides}
}

@article{Pereira,
    title = {{DOEN{\c{C}}AS DOS CITROS E SEU CONTROLE Principais Doen{\c{c}}as dos Citros}},
    author = {Pereira, Rui and Jr, Leite}
}

@inproceedings{Trinh2016,
    title = {{Dynamic of Water Absorption in Controlled Release Fertilizer and its Relationship with the Release of Nutrient}},
    year = {2016},
    booktitle = {Procedia Engineering},
    author = {Trinh, Thanh H. and Kushaari, Kuzilati},
    month = {1},
    pages = {319--326},
    volume = {148},
    publisher = {Elsevier},
    url = {https://www.sciencedirect.com/science/article/pii/S1877705816309110},
    isbn = {1877-7058},
    doi = {10.1016/j.proeng.2016.06.444},
    issn = {18777058},
    keywords = {CRF, Water absorption, controlled release fertilizer}
}

@book{Bernardi,
    title = {{E Seus Inimigos Naturais Em Morangueiro}},
    author = {Bernardi, Daniel},
    isbn = {978-85-7035-548-5}
}

@article{Pieczywek2018,
    title = {{Early detection of fungal infection of stored apple fruit with optical sensors – Comparison of biospeckle, hyperspectral imaging and chlorophyll fluorescence}},
    year = {2018},
    journal = {Food Control},
    author = {Pieczywek, P.M. and Cybulska, J. and Szyma{\'{n}}ska-Chargot, M. and Siedliska, A. and Zdunek, A. and Nosalewicz, A. and Baranowski, P. and Kurenda, A.},
    month = {3},
    pages = {327--338},
    volume = {85},
    url = {http://linkinghub.elsevier.com/retrieve/pii/S0956713517304930},
    doi = {10.1016/j.foodcont.2017.10.013}
}

@article{Alejandro2015,
    title = {{Efecto fungist{\'{a}}tico de extractos y aceites esenciales de Lippia origanoides HBK y Thymus vulgaris L . como alternativas de manejo de Botrytis cinerea en fresa}},
    year = {2015},
    journal = {Acta Agron{\^{o}}mica},
    author = {Alejandro, Luis and Andrade, Taborda and S{\'{a}}nchez Orozco, Manuel Salvador and Rosa, Carmen and Correa, Bonilla and Davey, Carlos Huertas},
    pages = {93--99},
    volume = {1},
    url = {http://www.scielo.org.co/pdf/acag/v64n1/v64n1a11.pdf},
    doi = {http://dx.doi.org/10.15446/acag.v64n1.35773}
}

@phdthesis{Bettiol2014,
    title = {{EFEITO DA RADIA{\c{C}}{\~{A}}O UV - B  NA INTERA{\c{C}}{\~{A}}O  Botrytis cinerea – Clonostachys rosea EM MORANGUEIRO E DO  {\'{A}}CIDO 4 - AMINOBENZ{\'{O}}ICO  NO CONTROLE DO PAT{\'{O}}GENO EM  TABACO}},
    year = {2014},
    author = {Bettiol, Wagner},
    pages = {103},
    url = {https://ainfo.cnptia.embrapa.br/digital/bitstream/item/121002/1/2014TS06.pdf},
    school = {UNESP}
}

@article{RodriguesOrientador2007,
    title = {{Efeito Estoc{\'{a}}stico em Speckle Din{\^{a}}mico}},
    year = {2007},
    author = {Rodrigues Orientador, Silvestre and Maria Dal Fabbro Co-orientador, Inácio and Alves Braga J{\'{u}}nior, DrRoberto},
    url = {http://repositorio.unicamp.br}
}

@article{LopezPinar2016,
    title = {{Effects of Botrytis cinerea and Erysiphe necator fungi on the aroma character of grape must: A comparative approach}},
    year = {2016},
    journal = {Food Chemistry},
    author = {Lopez Pinar, Angela and Rauhut, Doris and Ruehl, Ernst and Buettner, Andrea},
    pages = {251--260},
    volume = {207},
    publisher = {Elsevier Ltd},
    url = {http://dx.doi.org/10.1016/j.foodchem.2016.03.110},
    doi = {10.1016/j.foodchem.2016.03.110},
    issn = {18737072},
    pmid = {27080903},
    keywords = {Botrytis cinerea, Erysiphe necator, Gas chromatography-olfactometry (GC-O), Must}
}

@article{CunhaJunior2017,
    title = {{Embalagem alternativa para cadeia produtiva de morango Alternative packaging for a strawberry supply chain}},
    year = {2017},
    journal = {Revista de Ci{\^{e}}ncias Agr{\'{a}}rias},
    author = {Cunha Junior, Luis Carlos and Maria, Cristiane and Morgado, Ascari and Jacomino, Angelo Pedro and Trevisan, Marcos José and Cagnin, Marise and Parisi, Martins and Abadia, E and Nascimento, Reis},
    number = {2},
    pages = {342--352},
    volume = {40},
    url = {http://dx.doi.org/10.19084/RCA16155},
    doi = {10.19084/RCA16155}
}

@article{Enio2013,
    title = {{Emerg{\^{e}}ncia e desenvolvimento de mudas de tomate IPA 6 em substratos, contendo esterco ovino}},
    year = {2013},
    journal = {Revista Ceres},
    author = {Enio, Gomes Flôr Souza and Aur{\'{e}}lio, Paes Barros Júnior and da Silveira, Aurélio and Manoel, Galdino dos Santos and da Silva, Edson Fabio},
    pages = {902--907},
    volume = {60},
    url = {http://www.redalyc.org/articulo.oa?id=305229913020}
}

@article{PacelliNunesBrasilMatos,
    title = {{Emiss{\~{a}}o de CO 2 do solo de diferentes agroecossistemas na regi{\~{a}}o litor{\^{a}}nea do Cear{\'{a}}}},
    year = {2006},
    author = {Pacelli Nunes Brasil Matos, Eugenio DE and Baller Weber, Olmar},
    url = {https://www.alice.cnptia.embrapa.br/alice/bitstream/doc/660818/1/AT09025.pdf}
}

@article{Lima2016,
    title = {{Encontros Universit{\'{a}}rios da UFC 2016}},
    year = {2016},
    journal = {Encontros Universit{\'{a}}rios da UFC},
    author = {Lima, Diacomo Maciel and Paula, Janaina De and Maria, José and Maria, Jose},
    pages = {2550},
    volume = {1}
}

@book{Aparecido2009,
    title = {{Epidemiologia e Manejo do Mofo-cinzento-da- mamoneira}},
    year = {2009},
    booktitle = {Embrapa Cerrados},
    author = {Aparecido, Angelo and Sussel, Barbosa},
    pages = {25},
    volume = {1},
    publisher = {Embrapa Cerrados},
    url = {https://www.infoteca.cnptia.embrapa.br/infoteca/bitstream/doc/659481/1/doc241.pdf},
    isbn = {1517-5111}
}

@article{Ruiz2003,
    title = {{ESTIMATIVA DA CAPACIDADE DE CAMPO DE LATOSSOLOS E NEOSSOLOS QUARTZAR{\^{E}}NICOS PELA DETERMINA{\c{C}}{\~{A}}O DO EQUIVALENTE DE UMIDADE (1}},
    year = {2003},
    author = {Ruiz, H.A and Ferreira, G.B and Pereira, J.B},
    pages = {389--393},
    volume = {27},
    url = {http://www.locus.ufv.br/bitstream/handle/123456789/12519/16240.pdf?sequence=1&isAllowed=y}
}

@article{Citros2014,
    title = {{ESTUDO DOS MECANISMOS DE A{\c{C}}{\~{A}}O DE LEVEDURAS ENVOLVIDOS NO BIOCONTROLE DE DOEN{\c{C}}AS DE P{\'{O}}S- COLHEITA EM CITROS}},
    year = {2014},
    journal = {UNESP},
    author = {Citros, Colheita E M},
    institution = {Faculdade de Ci{\^{e}}ncias Agr{\'{a}}rias e Veterin{\'{a}}rias-UNESP},
    keywords = {Luriany Pompeo Ferraz Orientadora:}
}

@article{Vidal2017,
    title = {{Estudo estat{\'{i}}stico da correla{\c{c}}{\~{a}}o entre valores de mi e umidade do solo}},
    year = {2017},
    author = {Vidal, Luiz Santos and Enes, Adilson Machado and Rodrigues, Silvestre},
    volume = {3}
}

@article{Alceo,
    title = {{Evolu{\c{c}}{\~{a}}o da qualidade e causas de perdas de morango a diferentes temperaturas: implica{\c{c}}ões para retalhistas e consumidores}},
    author = {Alc{\'{e}}o, Rita and F Almeida, Domingos P},
    url = {http://www.aphorticultura.pt/uploads/4/8/0/3/48033811/evolução_qualidade.pdf}
}

@article{Sp2010,
    title = {{Expansion of citrus in Botucatu-SP, obtained by aerial photography}},
    year = {2010},
    journal = {Pesquisa Aplicada {\&} Agrotecnologia},
    author = {Nascimento, Flavia Meinickle; and Barros, Zacarias Xavier; and Rodrigues, José Guilherme Lança; and Barros, Bruna Soares Xavier},
    number = {2},
    pages = {91--98},
    volume = {3},
    keywords = {aerial photography 1, botucatu - sp, expansion of citrus crops, geographic information systems, geoprocessing, in, obtained by, remote sensing}
}

@article{Ricardo2017,
    title = {{Fertirriga{\c{c}}{\~{a}}o no cultivo de quatro cultivares de tomate ( Lycopersicum sculentum ) irrigado por gotejamento}},
    year = {2017},
    journal = {Brazilian Journal of Applied Technology for Agricultural Science},
    author = {Ricardo, Antonio and Andrade, Santos De},
    pages = {7--21},
    volume = {10},
    keywords = {irrigacao}
}

@article{Klein2016,
    title = {{FORMULA{\c{C}}ÕES DE Bacillus subtilis NO CONTROLE DE Colletotrichum acutatum, EM FLORES DESTACADAS DE CITROS}},
    year = {2016},
    journal = {Ci{\^{e}}ncia {\&}Tecnologia},
    author = {Klein, Mariana Nadjara},
    number = {esp.},
    pages = {8--9},
    volume = {8}
}

@article{Klein2016a,
    title = {{FORMULA{\c{C}}ÕES DE Bacillus subtilis NO CONTROLE DE Colletotrichum acutatum, EM FLORES DESTACADAS DE CITROS}},
    year = {2016},
    journal = {Ci{\^{e}}ncia {\&}Tecnologia},
    author = {Klein, Mariana Nadjara},
    number = {esp.},
    pages = {8--9},
    volume = {8}
}

@article{Cristina2015,
    title = {{Formulations Based on By-Products of Coffee Crop and Citrus Industry in the Management of Coffee Seedlings Brown Eye Spot}},
    year = {2015},
    author = {Cristina, Ana and Monteiro, Andrade and L{\'{u}}cio, Mário and Resende, Vilela De and Magna, Deila and Augusto, Victor},
    number = {Greenforce V}
}

@article{Cristina2015a,
    title = {{FORMULATIONS BASED ON BY-PRODUCTS OF COFFEE CROP AND CITRUS INDUSTRY IN THE MANAGEMENT OF COFFEE SEEDLINGS BROWN EYE SPOT}},
    year = {2015},
    author = {Cristina, Ana and Monteiro, Andrade and L{\'{u}}cio, Mário and Resende, Vilela De and Magna, Deila and Augusto, Victor},
    number = {Greenforce V}
}

@article{Cristina2015ab,
    title = {{FORMULATIONS BASED ON BY-PRODUCTS OF COFFEE CROP AND CITRUS INDUSTRY IN THE MANAGEMENT OF COFFEE SEEDLINGS BROWN EYE SPOT}},
    year = {2015},
    journal = {IX Simp{\'{o}}sio de Pesquisa dos Caf{\'{e}}s do Brasil},
    author = {Cristina, Ana and Monteiro, Andrade and L{\'{u}}cio, Mário and Resende, Vilela De and Magna, Deila and Augusto, Victor},
    number = {Greenforce V}
}

@article{Monteiro2013,
    title = {{Fosfitos e formula{\c{c}}ões {\`{a}} base de subprodutos das ind{\'{u}}strias de caf{\'{e}} e da lavoura de citros no manejo da ferrugem do cafeeiro}},
    year = {2013},
    journal = {VIII Simp{\'{o}}sio de Pesquisa dos Caf{\'{e}}s do Brasil},
    author = {Monteiro, Ana Cristina Andrade and Resende, Mário Lúcio Vilela de and Costa, Josineide Rodrigues da and Carvalho, Camila Aparecida and Silva, Joyce Alves Goulart da and Renn{\'{o}}, Marcelo Henrique Lisboa and Silva, Pedro Felipe Martins da and Ribeiro J{\'{u}}nior, Pedro Martins and Mathioni, Sandra Marisa},
    pages = {0--4},
    url = {http://www.profigen.com.br/ler/1/355/306/fusarium}
}

@article{Monteiro2013b,
    title = {{Fosfitos e formula{\c{c}}ões {\`{a}} base de subprodutos das ind{\'{u}}strias de caf{\'{e}} e da lavoura de citros no manejo da ferrugem do cafeeiro}},
    year = {2013},
    author = {Monteiro, Ana Cristina Andrade and de Resende, Mário Lúcio Vilela and da Costa, Josineide Rodrigues and Carvalho, Camila Aparecida and da Silva, Joyce Alves Goulart and Renn{\'{o}}, Marcelo Henrique Lisboa and da Silva, Pedro Felipe Martins and Ribeiro J{\'{u}}nior, Pedro Martins and Mathioni, Sandra Marisa},
    pages = {0--4}
}

@article{Cardoso2011,
    title = {{Frequency signature of water activity by biospeckle laser}},
    year = {2011},
    journal = {Optics Communications},
    author = {Cardoso, Rafael Rodrigues and Costa, Anderson Gomide and Nobre, Cassia Marques Batista and Braga, Roberto Alves},
    number = {8},
    month = {4},
    pages = {2131--2136},
    volume = {284},
    publisher = {North-Holland},
    url = {https://www.sciencedirect.com/science/article/pii/S0030401811000216},
    doi = {10.1016/J.OPTCOM.2011.01.003},
    issn = {0030-4018}
}

@article{Lezcano,
    title = {{Fungal population associated to the germination process of  stored seeds of  Leucaena leucocephala  cv. Peru}},
    journal = {Pastos y Forrajes},
    author = {Lezcano, J C and Alonso, O and Navarro, Marlen},
    number = {3},
    volume = {38},
    url = {http://scielo.sld.cu/pdf/pyf/v38n3/en_pyf02315.pdf}
}

@article{Graca2015,
    title = {{Heterose e capacidade combinat{\'{o}}ria de cultivares de tomateiro para dupla finalidade prospectadas para o mercado brasileiro e mo{\c{c}}ambicano}},
    year = {2015},
    journal = {Horticultura Brasileira},
    author = {Gra{\c{c}}a, António Jacinto Paulo da and J{\'{u}}nior, Antonio Teixeira do Amaral and Rodrigues, Rosana and Gon{\c{c}}alves, Leandro S. A. and Sudr{\'{e}}, Cláudia P. and Vivas, Marcelo and Melo, Paulo César T. de},
    number = {3},
    month = {8},
    volume = {33},
    url = {http://www.ashbmcd.com/index.php/HB/article/view/304},
    doi = {10.1590/HB.V33I3.304},
    issn = {S0102-0536}
}

@article{Graca2015b,
    title = {{Heterose e capacidade combinat{\'{o}}ria de cultivares de tomateiro para dupla finalidade prospectadas para o mercado brasileiro e mo{\c{c}}ambicano}},
    year = {2015},
    journal = {Horticultura Brasileira},
    author = {da Gra{\c{c}}a, António Jacinto Paulo and J{\'{u}}nior, Antonio Teixeira do Amaral and Rodrigues, Rosana and Gon{\c{c}}alves, Leandro S A and Sudr{\'{e}}, Cláudia P and Vivas, Marcelo and de Melo, Paulo César T},
    number = {3},
    volume = {33},
    url = {http://www.ashbmcd.com/index.php/HB/article/view/304},
    doi = {10.1590/HB.V33I3.304},
    issn = {S0102-0536}
}

@article{DeSilva2017,
    title = {{Highly sensitive optical interferometric technique reveals stress-dependent instantaneous nanometric growth fluctuations of Chinese chive leaf under heavy metal stress}},
    year = {2017},
    journal = {Ecotoxicology and Environmental Safety},
    author = {Muthumali DeSilva, Kokge Thilini Kanchana and Rajagopalan, Uma Maheswari and Kadono, Hirofumi},
    pages = {86--93},
    volume = {137},
    publisher = {Elsevier},
    doi = {10.1016/j.ecoenv.2016.11.020},
    issn = {10902414},
    keywords = {Cadmium, Growth fluctuations, Laser speckle, Optical interferometry, Plant growth, Zinc}
}

@misc{DeSilva2017b,
    title = {{Highly sensitive optical interferometric technique reveals stress-dependent instantaneous nanometric growth fluctuations of Chinese chive leaf under heavy metal stress}},
    year = {2017},
    booktitle = {Ecotoxicology and environmental safety},
    author = {DeSilva, Kokge Thilini Kanchana Muthumali and Rajagopalan, Uma Maheswari and Kadono, Hirofumi},
    pages = {86--93},
    volume = {137},
    publisher = {Elsevier},
    url = {http://www.profigen.com.br}
}

@book{LenitaLima2015,
    title = {{Horticultura em Mo{\c{c}}ambique Caracter{\'{i}}sticas,  T ecnologias de Produ{\c{c}}{\~{a}}o e de P{\'{o}}s-Colheita}},
    year = {2015},
    booktitle = {Embrapa Hortali{\c{c}}as},
    author = {Lenita Lima, Haber and Carvalho Carlos, Ecole and Walter, Bowen and Francisco Vilela, Resende},
    edition = {1},
    pages = {280},
    volume = {1},
    url = {https://www.infoteca.cnptia.embrapa.br/infoteca/bitstream/doc/1029218/1/HorticulturaemMocambiquePDF.pdf},
    address = {Brasilia},
    isbn = {978-85-7035-515-7}
}

@article{GomideCosta,
    title = {{Identifica{\c{c}}{\~{a}}o da matura{\c{c}}{\~{a}}o de frutos da maca{\'{u}}ba por meio de caracter{\'{i}}sticas {\'{o}}ticas}},
    author = {Gomide Costa, Anderson},
    url = {http://www.locus.ufv.br/bitstream/}
}

@article{Signoretti2015,
    title = {{Identifica{\c{c}}{\~{a}}o de vol{\'{a}}teis de plantas de citros com potencial para uso no manejo integrado de Diaphorina citri Kuwayama (Hemiptera: Liviidae)}},
    year = {2015},
    author = {Signoretti, André Gustavo Corrêa},
    pages = {68},
    url = {http://www.teses.usp.br/teses/disponiveis/11/11146/tde-10042015-095848/},
    doi = {10.11606/T.11.2015.tde-10042015-095848},
    keywords = {Citros, Citrus, Diaphorina citri, Huanglongbing, Management, Manejo, Plant volatiles, Vol{\{}{\'{a}}{\}}teis de plantas}
}

@article{Signoretti2015a,
    title = {{Identifica{\c{c}}{\~{a}}o de vol{\'{a}}teis de plantas de citros com potencial para uso no manejo integrado de Diaphorina citri Kuwayama (Hemiptera: Liviidae)}},
    year = {2015},
    author = {Signoretti, André Gustavo Corrêa},
    pages = {68},
    institution = {Universidade de S{\~{a}}o Paulo},
    doi = {10.11606/T.11.2015.tde-10042015-095848},
    keywords = {Citros, Citrus, Diaphorina citri, Huanglongbing, Management, Manejo, Plant volatiles, Vol{\'{a}}teis de plantas}
}

@article{Alves2013,
    title = {{Identification of respiration rate and water activity change in fresh-cut carrots using biospeckle laser and frequency approach}},
    year = {2013},
    journal = {Postharvest Biology and Technology},
    author = {Alves, Juliana Alvarenga and Braga, Roberto Alves and Vilas Boas, Eduardo Valério de Barros},
    month = {12},
    pages = {381--386},
    volume = {86},
    url = {http://linkinghub.elsevier.com/retrieve/pii/S0925521413002342},
    doi = {10.1016/j.postharvbio.2013.07.030},
    issn = {09255214}
}

@article{Alves2013a,
    title = {{Identification of respiration rate and water activity change in fresh-cut carrots using biospeckle laser and frequency approach}},
    year = {2013},
    journal = {Postharvest Biology and Technology},
    author = {Alves, Juliana Alvarenga and Braga, Roberto Alves and Vilas Boas, Eduardo Valério de Barros},
    month = {12},
    pages = {381--386},
    volume = {86},
    publisher = {Elsevier},
    url = {https://www.sciencedirect.com/science/article/pii/S0925521413002342},
    doi = {10.1016/J.POSTHARVBIO.2013.07.030},
    issn = {0925-5214}
}

@article{Raulino2016,
    title = {{Impact of saline conditions and nitrogen fertilization on citrus production and gas exchanges 1}},
    year = {2016},
    journal = {Revista Caatinga},
    author = {Raulino, Jônatas and Sousa, Marques D E and Gheyi, Hans R A J and Eric, Marcos and Brito, Barbosa},
    pages = {415--424},
    volume = {2125},
    keywords = {aduba{\{}{\c{c}}{\}}{\{}{\~{a}}{\}}o nitrogenada, avaliou - se o, citrus spp, c{\{}{\'{e}}{\}}u orange, de citros irrigados com, em dois experimentos simult{\{}{\^{a}}{\}}neos, impacto da irriga{\{}{\c{c}}{\}}{\{}{\~{a}}{\}}o com, mimo - do -, physiology, resumo, saline stress, trocas gasosas e produ{\{}{\c{c}}{\}}{\{}{\~{a}}{\}}o, {\{}{\'{a}}{\}}gua salinizadas e da, {\{}{\'{a}}{\}}guas salinas e}
}

@article{Raulino2016b,
    title = {{IMPACT OF SALINE CONDITIONS AND NITROGEN FERTILIZATION ON CITRUS PRODUCTION AND GAS EXCHANGES 1}},
    year = {2016},
    author = {Raulino, Jônatas and Sousa, Marques D E and Gheyi, Hans R A J and Eric, Marcos and Brito, Barbosa},
    pages = {415--424},
    volume = {2125},
    keywords = {aduba{\{}{\c{c}}{\}}{\{}{\~{a}}{\}}o nitrogenada, avaliou - se o, citrus spp, c{\{}{\'{e}}{\}}u orange, de citros irrigados com, em dois experimentos simult{\{}{\^{a}}{\}}neos, impacto da irriga{\{}{\c{c}}{\}}{\{}{\~{a}}{\}}o com, mimo - do -, physiology, resumo, saline stress, trocas gasosas e produ{\{}{\c{c}}{\}}{\{}{\~{a}}{\}}o, {\{}{\'{a}}{\}}gua salinizadas e da, {\{}{\'{a}}{\}}guas salinas e}
}

@misc{Costa2012,
    title = {{Impactos econ{\^{o}}micos do sistema de detec{\c{c}}{\~{a}}o e elimina{\c{c}}{\~{a}}o precoce de citros com huanglogbing}},
    year = {2012},
    booktitle = {Revista de economia e agroneg{\'{o}}cio},
    author = {Costa, Cinthia Cabral da and Guilhoto, Joaquim José Martins},
    number = {3},
    pages = {347--368},
    volume = {9},
    url = {http://www.profigen.com.br/ler/1/355/306/fusarium}
}

@article{Costa2012b,
    title = {{Impactos econ{\^{o}}micos do sistema de detec{\c{c}}{\~{a}}o e elimina{\c{c}}{\~{a}}o precoce de citros com huanglogbing}},
    year = {2012},
    journal = {Revista de economia e agroneg{\{}{\'{o}}{\}}cio},
    author = {da Costa, Cinthia Cabral and Guilhoto, Joaquim José Martins},
    number = {3},
    pages = {347--368},
    volume = {9}
}

@article{Bezerra2014,
    title = {{Incorpora{\c{c}}{\~{a}}o de {\'{O}}leo Essencial de Origanum vulgare L . em Filmes A Base de Quitosana Como Alternativa Para Inibi{\c{c}}{\~{a}}o de Rhizopus stolonifer em Tomates do Tipo Cereja ( Lycopersicon esculentum Var . cerasiforme )}},
    year = {2014},
    author = {Bezerra, Jessica and J{\'{u}}lia, Ana and Aguiar, Alves and Ii, Athayde and Concei{\c{c}}{\~{a}}o, Ingrid and Guerra, Dantas and Serafim, Nereide},
    pages = {43--44},
    volume = {1},
    doi = {10.5151/foodsci-microal-288}
}

@article{Rodrigues2018,
    title = {{Indu{\c{c}}{\~{a}}o de toler{\^{a}}ncia {\`{a}} murcha bacteriana em h{\'{i}}bridos de tomates por aplica{\c{c}}{\~{a}}o de giberelina}},
    year = {2018},
    journal = {Revista de Ci{\^{e}}ncias Agroveterin{\'{a}}rias},
    author = {Rodrigues, Fabrício and Nunes, Ana Carolina Pacheco and Carvalho, Daniel Diego Costa and Ribeiro, Mylla Crysthyan},
    number = {1},
    month = {5},
    pages = {54--60},
    volume = {17},
    url = {http://revistas.udesc.br/index.php/agroveterinaria/article/view/9329},
    doi = {10.5965/223811711712018054},
    issn = {22381171},
    keywords = {Ralstonia solanacearum, Solanum lycopersicum L., fruits., frutos., hormone, horm{\^{o}}nio}
}

@article{AntonioMaiorBono,
    title = {{INFILTRA{\c{C}}{\~{A}}O DE {\'{A}}GUA NO SOLO EM UM LATOSSOLO VERMELHO DA REGI{\~{A}}O SUDOESTE DOS CERRADOS COM DIFERENTES SISTEMAS DE USO E MANEJO (1)}},
    author = {Antonio Maior Bono, José and Claudio Motta Macedo, Manuel and Antonio Tormena, Cássio and Rafael Nanni, Marcos and Pereira Gomes, Eder and Marques Lopes M{\"{u}}ller, Marcelo},
    number = {2},
    pages = {79804--970},
    url = {http://www.scielo.br/pdf/rbcs/v36n6/19.pdf}
}

@article{Ferreira2017,
    title = {{Influence of pH on the efficacy of ozonated water to control microorganisms and its effect on the quality of stored strawberries (Fragaria x ananassa Duch.)}},
    year = {2017},
    journal = {Ci{\^{e}}ncia e Agrotecnologia},
    author = {Ferreira, Wallas Felippe de Souza and Alencar, Ernandes Rodrigues de and Alves, Hanna and Ribeiro, Jaqueline Lamounier and Silva, Caroline Rosa da},
    doi = {10.1590/1413-70542017416013317},
    issn = {1981-1829}
}

@article{ZHANG2017,
    title = {{Influence of water potential and soil type on conventional japonica super rice yield and soil enzyme activities}},
    year = {2017},
    journal = {Journal of Integrative Agriculture},
    author = {ZHANG, Jing and WANG, Hai bin and LIU, Juan and CHEN, Hao and DU, Yan xiu and LI, Jun zhou and SUN, Hong zheng and PENG, Ting and ZHAO, Quan zhi},
    number = {5},
    month = {5},
    pages = {1044--1052},
    volume = {16},
    publisher = {Elsevier},
    url = {https://www.sciencedirect.com/science/article/pii/S2095311916615757},
    isbn = {2095-3119},
    doi = {10.1016/S2095-3119(16)61575-7},
    issn = {20953119},
    keywords = {antioxidant enzyme activity, chlorophyll fluorescence parameters, rice, soil enzyme activity, soil type, water potential, yield components}
}

@article{Silva2016,
    title = {{INFLU{\^{E}}NCIA DA COBERTURA MORTA E DA ADUBA{\c{C}}{\~{A}}O NO CONTROLE DA PODRID{\~{A}}O RADICULAR EM MUDAS DE CITROS (Phytophthora nicotianae)}},
    year = {2016},
    journal = {Ciencia Agr{\'{i}}cola},
    author = {Silva, Tiago Alexandre and Peixoto, Edna and Paulo, José and Costa, Vieira and Silva, Maryllia Gabriella and Santos, David Vitor},
    number = {1},
    pages = {37--44},
    volume = {14},
    keywords = {alternative control, oomycete, plant disease}
}

@article{Menezes2018,
    title = {{Influ{\^{e}}ncia do revestimento comest{\'{i}}vel na preserva{\c{c}}{\~{a}}o da qualidade p{\'{o}}s-colheita de tomate de mesa}},
    year = {2018},
    journal = {Colloquium Agrariae. ISSN: 1809-8215},
    author = {Menezes, Keren Railka Paiva and Santos, Guilherme Celestino de Souza and Oliveira, Olganeth Moreira de and Sanches, Alex Guimarães and Cordeiro, Carlos Alberto Martins and Oliveira, Antonio Rafael Gomes de},
    number = {3},
    pages = {14--28},
    volume = {13},
    url = {http://revistas.unoeste.br/revistas/ojs/index.php/ca/article/viewArticle/1969},
    doi = {10.5747/ca.v13i3.1969},
    issn = {1809-8215},
    keywords = {Bioqu{\'{i}}mica vegetal, Fisiologia p{\'{o}}s-colheita, Fisiologia vegetal}
}

@article{santana2017infodengue,
    title = {{InfoDengue--Ferramenta Colaborativa de Combate e Preven{\c{c}}{\~{a}}o {\`{a}} Dengue}},
    year = {2017},
    journal = {Anais do Computer on the Beach},
    author = {Santana, Vinícius Dias and Silva, Jean Santos and da Mata Ribeiro, Hugo Leonardo and Arantes, Alair Junio Rocha and da Silva, Odilon Corrêa and Alves, Leonardo Lacerda},
    pages = {530--533},
    url = {http://www.profigen.com.br/ler/1/355/306/fusarium}
}

@article{Santana2017,
    title = {{InfoDengue–Ferramenta Colaborativa de Combate e Preven{\c{c}}{\~{a}}o {\`{a}} Dengue}},
    year = {2017},
    journal = {Anais do Computer on the Beach},
    author = {Santana, Vin\'\icius Dias and Silva, Jean Santos and da Mata Ribeiro, Hugo Leonardo and Arantes, Alair Junio Rocha and da Silva, Odilon Corrêa and Alves, Leonardo Lacerda},
    pages = {530--533}
}

@article{Bonato2015,
    title = {{Intera{\c{c}}{\~{a}}o etileno - auxina e sua influ{\^{e}}ncia na produ{\c{c}}{\~{a}}o de compostos vol{\'{a}}teis do aroma durante o amadurecimento do tomate ( Solanum lycopersicum )}},
    year = {2015},
    author = {Bonato, Vanessa Caroline de Barros},
    pages = {93},
    keywords = {etileno}
}

@article{Lama2016,
    title = {{Interpolation using wavelet transform and discrete cosine transform for high resolution display}},
    year = {2016},
    journal = {2016 IEEE International Conference on Consumer Electronics (ICCE)},
    author = {Lama, Ramesh Kumar and Shin, Soekjoo and Kang, Moonsoo and Kwon, Goo-Rak and Choi, Moo-Rak},
    number = {1},
    pages = {184--186},
    volume = {1},
    url = {http://ieeexplore.ieee.org/document/7430573/},
    isbn = {978-1-4673-8364-6},
    doi = {10.1109/ICCE.2016.7430573}
}

@misc{Sutton2017,
    title = {{Investigating biospeckle laser analysis as a diagnostic method to assess sprouting damage in wheat seeds}},
    year = {2017},
    booktitle = {Computers and Electronics in Agriculture},
    author = {Sutton, Darren B and Punja, Zamir K},
    pages = {238--247},
    volume = {141},
    publisher = {Elsevier},
    url = {http://www.profigen.com.br/ler/1/355/306/fusarium}
}

@article{Sutton2017a,
    title = {{Investigating biospeckle laser analysis as a diagnostic method to assess sprouting damage in wheat seeds}},
    year = {2017},
    journal = {Computers and Electronics in Agriculture},
    author = {Sutton, Darren B and Punja, Zamir K},
    pages = {238--247},
    volume = {141},
    publisher = {Elsevier}
}

@article{Sutton2017b,
    title = {{Investigating biospeckle laser analysis as a diagnostic method to assess sprouting damage in wheat seeds}},
    year = {2017},
    journal = {Computers and Electronics in Agriculture},
    author = {Sutton, Darren B. and Punja, Zamir K.},
    month = {9},
    pages = {238--247},
    volume = {141},
    url = {http://linkinghub.elsevier.com/retrieve/pii/S0168169917302892},
    doi = {10.1016/j.compag.2017.07.027},
    issn = {01681699}
}

@book{Rezende2015,
    title = {{Justificativa e recomenda{\c{c}}ões T{\'{e}}cnicas para o "platio direto" dos ciros nos tabuleiros costeiros}},
    year = {2015},
    author = {Rezende, Joelito de Oliveira and Shibata, Roberto Toyohito and Souza, Luciano de Silva},
    edition = {1},
    pages = {240},
    publisher = {UFRB},
    address = {Cruz das Almas-BA},
    isbn = {978-85-61346-90-4}
}

@article{Rabelo2005,
    title = {{Laser speckle techniques in quality e valuation of orange fruit s orange fruits ev}},
    year = {2005},
    author = {Rabelo, Giovanni F and J{\'{u}}nior, Roberto A Braga and Fabbro, Inácio M D and Trivi, Marcelo R and Rabal, Héctor J and Arizaga, Ricardo},
    pages = {570--575}
}

@article{ibge2017,
    title = {{Levantamento Sistem{\'{a}}tico Da Produ{\c{c}}{\~{a}}o Agr{\'{i}}cola}},
    year = {2017},
    journal = {IBGE},
    author = {Mata, Alexandre Pires and Barradas, Carlos Antonio Almeida and Guedes, Carlos Alfredo Barreto and Neto, Geremias de Mattos Fontes and Souza, Larissa Leone Isaac and Ferry, Roberto Verone and Wagner, Winícius de Lima},
    pages = {115}
}

@article{ibge2017_1,
    title = {{Levantamento Sistem{\'{a}}tico da Produ{\c{c}}{\~{a}}o Agr{\'{i}}cola. 2016}},
    year = {2017},
    journal = {Estat{\'{i}}stica da Produ{\c{c}}{\~{a}}o Agr{\'{i}}cola},
    author = {IBGE, Instituto Brasileiro de Geografia e Estatística},
    number = {12},
    pages = {1--82},
    volume = {29},
    url = {ftp://ftp.ibge.gov.br/Producao_Agricola/Fasciculo_Indicadores_IBGE/estProdAgr_201701.pdf},
    isbn = {0103-443X},
    doi = {ISSN 0103-443X},
    arxivId = {www.ibge.gov.br}
}

@misc{Reis2016,
    title = {{Light intensity independence during dynamic laser speckle analysis}},
    year = {2016},
    booktitle = {Optics Communications},
    author = {Reis, Renan Oliveira and Rabal, Hector J and Braga, Roberto A},
    pages = {185--193},
    volume = {366},
    publisher = {Elsevier},
    url = {http://www.profigen.com.br}
}

@article{Reis2016a,
    title = {{Light intensity independence during dynamic laser speckle analysis}},
    year = {2016},
    journal = {Optics Communications},
    author = {Reis, Renan Oliveira and Rabal, Hector J and Braga, Roberto A},
    pages = {185--193},
    volume = {366},
    publisher = {Elsevier}
}

@article{Reis2016b,
    title = {{Light intensity independence during dynamic laser speckle analysis}},
    year = {2016},
    journal = {Optics Communications},
    author = {Reis, Renan Oliveira and Rabal, Hector J and Braga, Roberto A},
    pages = {185--193},
    volume = {366},
    publisher = {Elsevier}
}

@article{Technical,
    title = {{Low cost , high impact solutions for improving the quality and shelf-life of tomatoes in local markets}},
    author = {Technical, F A O and Project, Cooperation}
}

@article{Takahashi2018,
    title = {{Manejo da solu{\c{c}}{\~{a}}o nutritiva sobre a qualidade p{\'{o}}s-colheita de tomate salada fertirrigado em areia Management of the nutrient solution for postharvest quality of tomatoes with}},
    year = {2018},
    journal = {Brazilian journal of Food Technology},
    author = {Takahashi, Hideaki Wilson and Barzan, Renan Ribeiro and Bertoncelli, Douglas Junior and Suzuki, Ana Beatryz Prenzier and Fregonezi, Gustavo Adolfo de Freitas and Sampaio, Marita DI Loreto},
    pages = {2016144},
    volume = {21},
    doi = {htt://dx.doi.org/10.1590/1981-6723.14416}
}

@misc{KIMATI2005,
    title = {{Manual de Fitopatologia, Vol II}},
    year = {2005},
    booktitle = {Doen{\c{c}}as das plantas cultivadas},
    author = {{Kimati} and L, Amorim and J.A.M, Rezende and A, Bergamin Filho and L.E.A, Camargo},
    edition = {3},
    pages = {663},
    url = {http://www.profigen.com.br/ler/1/355/306/fusarium},
    address = {S{\~{a}}o Paulo},
    isbn = {85-318-0008-0}
}

@misc{malavolta1959manual,
    title = {{Manual de qu{\'{i}}mica agr{\'{i}}cola, adubos e aduba{\c{c}}{\~{a}}o}},
    year = {1959},
    author = {Malavolta, E},
    publisher = {Edit{\{}{\^{o}}{\}}ra agron{\{}{\^{o}}{\}}mica "Ceres"},
    isbn = {9788531800184}
}

@article{Cantillano2010a,
    title = {{Manuseio P{\'{o}}s-colheita de Morangos}},
    year = {2010},
    author = {Cantillano, Rufino Fernando Flores and Silva, Médelin Marques},
    url = {https://www.infoteca.cnptia.embrapa.br/infoteca/bitstream/doc/886098/1/documento318.pdf},
    issn = {1516-8840}
}

@book{Cantillano2010,
    title = {{Manuseio P{\'{o}}s-colheita de Morangos}},
    year = {2010},
    author = {Cantillano, Rufino Fernando and Silva, Médelin Marques da Silva},
    editor = {Magalh{\~{a}}es Junior, Ariano},
    edition = {1},
    pages = {36},
    publisher = {Embrapa Clima Temperado},
    url = {https://www.infoteca.cnptia.embrapa.br/infoteca/bitstream/doc/886098/1/documento318.pdf},
    address = {Pelotas, RS},
    isbn = {1516-8840}
}

@article{EmbrapaSolos1973,
    title = {{Mapa Explorat{\'{o}}rio-Rec onhecimento de solos do munic{\'{i}}pio de S{\~{a}}o Cristov{\~{a}}o, SE.}},
    year = {1973},
    journal = {Embrapa Solos, UEP Recife},
    author = {{Embrapa Solos}},
    url = {http://www.uep.cnps.embrapa.br/solos/se/saocristovao.pdf}
}

@misc{MathWorksInc2018,
    title = {{Matlab2017A}},
    year = {2018},
    author = {{MathWorks Inc}},
    url = {https://www.mathworks.com/products/matlab.html},
    address = {Natick, MA}
}

@article{MEYER2000,
    title = {{Matrix analysis and applied linear algebra. Philadelphia: Transform}},
    year = {2000},
    author = {MEYER, C}
}

@article{Rural2018,
    title = {{Matura{\c{c}}{\~{a}}o fisiol{\'{o}}gica e armazenamento p{\'{o}}s-colheita de frutos e sementes de tomate cereja em transi{\c{c}}{\~{a}}o agroecol{\'{o}}gica}},
    year = {2018},
    author = {Rural, Tecnologia and Gleidison, Raimundo and Rocha, Lima and Clarete, Maria and Ribeiro, Cardoso and Barbosa, Fred Denilson and Afro-brasileira, Lusofonia},
    keywords = {lycopersicon esculentum, seedling development, vigor}
}

@article{Bettiol,
    title = {{M{\'{e}}todos Alternativos de Controle Fitossanit{\'{a}}rio}},
    author = {Bettiol, Clayton Campanhola; Wagner},
    edition = {1},
    publisher = {Embrapa},
    address = {Jaguari{\'{u}}na-SP},
    isbn = {85-85771-22-4}
}

@book{Campanhola2003,
    title = {{M{\'{e}}todos Alternativos de Controle Fitossanit{\'{a}}rio.pdf}},
    year = {2003},
    author = {Campanhola, Clayton and Bettiol, Wagner},
    editor = {Clayton Campanhola, Wagner Bettiol},
    edition = {1},
    pages = {279},
    volume = {1},
    publisher = {Embrapa},
    address = {Jaguari{\'{u}}{\}}na-SP},
    isbn = {9788585771225}
}

@article{Dupuy2018,
    title = {{Micromechanics of root development in soil}},
    year = {2018},
    journal = {Current Opinion in Genetics {\&} Development},
    author = {Dupuy, LX and Mimault, M and Patko, D and Ladmiral, V and Ameduri, B and MacDonald, MP and Ptashnyk, M},
    pages = {18--25},
    volume = {51},
    publisher = {Elsevier Ltd},
    url = {http://linkinghub.elsevier.com/retrieve/pii/S0959437X17301843},
    doi = {10.1016/j.gde.2018.03.007},
    issn = {0959437X}
}

@article{Carducci2011,
    title = {{Modelagem da curva de reten{\c{c}}{\~{a}}o de {\'{a}}gua de latossolos utilizando a equa{\c{c}}{\~{a}}o duplo van genuchten}},
    year = {2011},
    journal = {Revista Brasileira de Ciencia do Solo},
    author = {Carducci, Carla Eloize and de Oliveira, Geraldo César and da Costa Severiano, Eduardo and Zeviani, Walmes Marques},
    doi = {10.1590/S0100-06832011000100007},
    issn = {01000683},
    keywords = {Index terms: water content, Mathematical model, Oxisol}
}

@article{Oliveira2015,
    title = {{Modelagem e propriedades termodin{\^{a}}micas na secagem de morangos Modelling and thermodynamic properties of the drying of strawberries}},
    year = {2015},
    author = {Oliveira, Gabriel Henrique Horta and Arag{\~{a}}o, Dayane Santos and Oliveira, Ana Pauloa Lelis Rodigues and Gusm{\~{a}}o, Marley Garcial Silva},
    number = {4},
    pages = {314--321},
    volume = {18},
    url = {http://dx.doi.org/10.1590/1981-6723.5315},
    doi = {10.1590/1981-6723.5315}
}

@article{Kowalczyk2017,
    title = {{Molecular mechanisms shaping the plant biomass utilization potential in}},
    year = {2017},
    author = {Kowalczyk, Joanna Ewa},
    number = {October}
}

@article{Kowalczyk2017b,
    title = {{Molecular mechanisms shaping the plant biomass utilization potential in}},
    year = {2017},
    author = {Kowalczyk, Joanna Ewa},
    number = {October}
}

@article{GONCALVES2014,
    title = {{Monitora{\c{c}}{\~{a}}o por termografia infravermelha da qualidade p{\'{o}}s- colheita de goiabas armazenadas sob refrigera{\c{c}}{\~{a}}o lavras – mg}},
    year = {2014},
    author = {GON{\c{C}}ALVES, Barbara Jordana},
    url = {http://repositorio.ufla.br}
}

@article{Castricini2017,
    title = {{Morangos produzidos no semi{\'{a}}rido de Minas Gerais: qualidade do fruto e da polpa congelados}},
    year = {2017},
    journal = {Braz. J. Food Technol. Campinas},
    author = {Castricini, A},
    volume = {20},
    url = {http://www.scielo.br/pdf/bjft/v20/1981-6723-bjft-20-e2016149.pdf}
}

@article{Carvalho2009,
    title = {{Motility parameters assessment of bovine frozen semen by biospeckle laser (BSL) system}},
    year = {2009},
    journal = {Biosystems Engineering},
    author = {Carvalho, Pablo H.A. and Barreto, João B. and Braga, Roberto A. and Rabelo, Giovanni F.},
    number = {1},
    month = {1},
    pages = {31--35},
    volume = {102},
    url = {http://linkinghub.elsevier.com/retrieve/pii/S1537511008002973},
    doi = {10.1016/j.biosystemseng.2008.09.025},
    issn = {15375110}
}

@article{Deisiane2015,
    title = {{MOVIMENTO DE {\'{A}}GUA E POROSIDADE DOS SOLOS DE UMA SUB-BACIA HIDROGR{\'{A}}FICA NO NOROESTE DO ESTADO DE S{\~{A}}O PAULO}},
    year = {2015},
    author = {Deisiane, Carla and Costa, D E Oliveira and E, Marlene Cristina Alves and Sousa, Antônio D E Pádua},
    pages = {304--318}
}

@article{Arefi2016,
    title = {{Non-destructive identification of mealy apples using biospeckle imaging}},
    year = {2016},
    journal = {Postharvest Biology and Technology},
    author = {Arefi, Arman and Ahmadi Moghaddam, Parviz and Hassanpour, Ali and Mollazade, Kaveh and Modarres Motlagh, Asad},
    pages = {266--276},
    volume = {112},
    doi = {10.1016/j.postharvbio.2015.09.001},
    issn = {09255214},
    keywords = {Confinded compression test, Dynamic speckle pattern, Laser, Mealiness, Non-invasive test}
}

@article{Arefi2016a,
    title = {{Non-destructive identification of mealy apples using biospeckle imaging}},
    year = {2016},
    journal = {Postharvest Biology and Technology},
    author = {Arefi, Arman and Ahmadi Moghaddam, Parviz and Hassanpour, Ali and Mollazade, Kaveh and Modarres Motlagh, Asad},
    pages = {266--276},
    volume = {112},
    doi = {10.1016/j.postharvbio.2015.09.001},
    issn = {09255214},
    keywords = {Confinded compression test, Dynamic speckle pattern, Laser, Mealiness, Non-invasive test}
}

@misc{Arefi2016ab,
    title = {{Non-destructive identification of mealy apples using biospeckle imaging}},
    year = {2016},
    booktitle = {Postharvest Biology and Technology},
    author = {Arefi, Arman and Ahmadi Moghaddam, Parviz and Hassanpour, Ali and Mollazade, Kaveh and Modarres Motlagh, Asad},
    pages = {266--276},
    volume = {112},
    url = {http://www.profigen.com.br},
    doi = {10.1016/j.postharvbio.2015.09.001},
    issn = {09255214},
    keywords = {Confinded compression test, Dynamic speckle pattern, Laser, Mealiness, Non-invasive test}
}

@article{Kumari2018,
    title = {{Nondestructive Evaluation of Degradation in Papaya Fruit Using Intensity Based Algorithms}},
    year = {2018},
    author = {Kumari, Shubhashri and Nirala, Anil Kumar},
    volume = {140010},
    isbn = {9780735416482},
    doi = {10.1063/1.5033185}
}

@article{Torman2012,
    title = {{Normalidade de vari{\'{a}}veis: m{\'{e}}todos de verifica{\c{c}}{\~{a}}o e compara{\c{c}}{\~{a}}o de alguns testes n{\~{a}}o-param{\'{e}}tricos por simula{\c{c}}{\~{a}}o}},
    year = {2012},
    journal = {Revista HCPA},
    author = {Torman, Vanessa Bielefeldt Leotti and Coster, Rodrigo and Riboldi, João},
    number = {2},
    pages = {227--234},
    volume = {32},
    isbn = {0308-597X},
    doi = {10.1046/j.1365-2400.2001.00233.x},
    issn = {2357-9730},
    pmid = {21209616},
    arxivId = {arXiv:1011.1669v3},
    keywords = {Cramer-von Mises, Kolmogorov-smirnov, Shapiro-wilk, anderson-darling, distribui{\c{c}}{\~{a}}o normal, erro tipo I, jarque-bera, liliefors, poder, qui-quadrado, shapiro-francia, teste de aderencia}
}

@article{Torman2012a,
    title = {{Normality of variables: diagnosis methods and comparison of some nonparametric tests by simulation}},
    year = {2012},
    journal = {227 Rev HCPA},
    author = {Torman, Vanessa Bielefeld and Coster, Rodrigo and Riboldi, Joćao},
    number = {2},
    volume = {32},
    url = {http://seer.ufrgs.br/hcpa}
}

@article{monteiro2017ocorrencia,
    title = {{OCORR{\^{E}}NCIA DA MOSCA-NEGRA-DOS-CITROS Aleurocanthus woglumi ASHY NA PRODU{\c{C}}{\~{A}}O DE MUDAS NO MUNIC{\'{I}}PIO DE DONA EUZ{\'{E}}BIA-MG}},
    year = {2017},
    journal = {Revista Univap},
    author = {Monteiro, Scarlet Santos and de Souza, Lucimara Cruz and Teixeira, Daiani Aparecida Gomes and Ramos, Fabr\'\icio Oliveira},
    number = {40},
    pages = {464},
    volume = {22}
}

@article{Horwitz2006,
    title = {{Oficial Methods of Analysis}},
    year = {2006},
    journal = {AOAC INTERNATIONAL},
    author = {Horwitz, William and W. Latimer, George},
    number = {February},
    isbn = {0935584773}
}

@article{Sergio2012,
    title = {{Oncocercose bovina, equina e canina – revis{\~{a}}o bibliogr{\'{a}}fica}},
    year = {2012},
    author = {S{\'{e}}rgio, Paulo and Cruz, T and Mattos, Mary Jane T De and M{\'{a}}rcia, Sandra and Marques, Tietz},
    pages = {34--52},
    keywords = {diagnosis, hosts, onchocerca spp, prevalence}
}

@misc{Cotching2018,
    title = {{Organic matter in the agricultural soils of Tasmania, Australia – A review}},
    year = {2018},
    booktitle = {Geoderma},
    author = {Cotching, William Edward},
    month = {2},
    pages = {170--182},
    volume = {312},
    publisher = {Elsevier},
    url = {https://www.sciencedirect.com/science/article/pii/S0016706117311837},
    doi = {10.1016/j.geoderma.2017.10.006},
    issn = {00167061},
    keywords = {Biochar, Crop yield, Dynamic, Humus, Organic carbon}
}

@article{Heleno2014,
    title = {{OTIMIZA{\c{C}}{\~{A}}O, VALIDA{\c{C}}{\~{A}}O E APLICA{\c{C}}{\~{A}}O DE M{\'{E}}TODO PARA DETERMINA{\c{C}}{\~{A}}O DA CONCENTRA{\c{C}}{\~{A}}O RESIDUAL DE DIFENOCONAZOL EM MORANGOS AP{\'{O}}S M{\'{U}}LTIPLAS APLICA{\c{C}}ÕES}},
    year = {2014},
    journal = {Quim. Nova},
    author = {Heleno, Fernanda Fernandes and Lopes, Maria Eliana and De Queiroz, Ribeiro and Neves, Antônio Augusto and Fernando De, André},
    number = {1},
    pages = {153--157},
    volume = {37},
    url = {http://www.scielo.br/pdf/qn/v37n1/25.pdf},
    keywords = {gas chromatography, pesticide analysis, strawberry}
}

@article{Silva2018,
    title = {{Par{\^{a}}metros sensoriais do tomate sweet grape desidratado em secador solar h{\'{i}}brido}},
    year = {2018},
    author = {Silva, Milena Araujo and Javar{\'{a}}, Nayane Nicoli and Rodrigues, Madelon and Braz, Sá}
}

@article{Gryganskyi2018,
    title = {{Phylogenetic and phylogenomic definition of Rhizopus species}},
    year = {2018},
    journal = {Genes Genomes Genetics Early},
    author = {Gryganskyi, Andrii P and Golan, Jacob and Dolatabadi, Somayeh and Mondo, Stephen and Idnurm, Alexander and Muszewska, Anna and Steczkiewicz, Kamil and Liao, Hui-ling and Gajdeczka, Michael T and Anike, Felicia},
    doi = {10.1534/g3.118.200235}
}

@article{Ella2017,
    title = {{PHYTOCHEMICAL ANALYSIS, ANTIFUNGAL, ANTIMICROBIAL ACTIVITIES AND APPLICATION OF Eichhornia crassipes AGAINST SOME PLANT PATHOGENS}},
    year = {2017},
    journal = {Planta Daninha},
    author = {Ella, Abou EL and Brasileira Ci{\^{e}}ncia Das Plantas Daninhas, Sociedade DA},
    volume = {35},
    url = {http://www.scielo.br/pdf/pd/v35/0100-8358-pd-35-17159560.pdf},
    doi = {10.1590/S0100-83582017350100026}
}

@phdthesis{Lopes2011,
    title = {{PODRIDÕES P{\'{O}}S-COLHEITA  EM MORANGO: ETIOLOGIA E  EFEITO DE PRODUTOS ALTERNATIVOS}},
    year = {2011},
    author = {Lopes, Ueder Pedro},
    pages = {68},
    url = {http://www.locus.ufv.br/bitstream/handle/123456789/4399/texto completo.pdf?sequence=1&isAllowed=y},
    school = {UFV}
}

@book{Bezerra2003,
    title = {{P{\'{o}}s-colheita de Frutos}},
    year = {2003},
    author = {Bezerra, Valéria Saldanha},
    editor = {Yokomizo, Gilberto and Rodrigues, Márcio Costa},
    edition = {1},
    pages = {26},
    publisher = {Embrapa Amap{\'{a}}},
    url = {https://ainfo.cnptia.embrapa.br/digital/bitstream/item/46031/1/AP-Documentos-51-.PDF},
    address = {Macap{\'{a}}},
    isbn = {1517 - 4859}
}

@article{FAO2016,
    title = {{Post-harvest management of mango for quality and safety assurance}},
    year = {2016},
    journal = {FOOD AND AGRICULTURE ORGANIZATION OF THE UNITED NATIONS},
    author = {{FAO}}
}

@article{Pavanello2015,
    title = {{Postharvest biological control of brown rot in peaches after cold storage preceded ... RESUMO RESUMO}},
    year = {2015},
    author = {Pavanello, Elizandra Pivotto and Brackmann, Auri and Thewes, Fabio Rodrigo and Venturini, Thiago Liberalesso and Weber, Anderson and Blume, Elena},
    number = {6},
    pages = {539--545},
    volume = {62},
    url = {http://dx.doi.org/10.1590/0034-737X201562060005},
    doi = {10.1590/0034-737X201562060005},
    keywords = {()}
}

@article{Turmanidze2016,
    title = {{Potential antioxidant retention and quality maintenance in raspberries and strawberries treated with calcium chloride and stored under refrigeration}},
    year = {2016},
    journal = {J. Food Technol. Braz. J. Food Technol},
    author = {Turmanidze, Tamar and Gulua, Levan and Jgenti, Merab and Wicker, Louise},
    volume = {20},
    url = {http://dx.doi.org/10.1590/1981-6723.8916},
    doi = {10.1590/1981-6723.8916},
    keywords = {Calcium chloride, Raspberry, Storage, Strawberry}
}

@article{Barbosa2016,
    title = {{Pragas e Doen{\c{c}}as: Controv{\'{e}}rsias na Constitui{\c{c}}{\~{a}}o Da Cadeia Produtiva da Laranja no Estado de S{\~{a}}o Paulo dos Anos 1930 Aos 2000.}},
    year = {2016},
    journal = {Desafio Online},
    author = {Barbosa, Gabriela da Rocha and Gitahy, Leda},
    number = {2},
    pages = {41--62},
    volume = {4},
    issn = {2317-949X},
    keywords = {Cadeia produtiva da Laranja, Doen{\c{c}}as, Pesquisas, Pol{\'{i}}ticas Fitossanit{\'{a}}rias, controv{\'{e}}rsias.}
}

@article{Barbosa2016b,
    title = {{Pragas e Doen{\c{c}}as: Controv{\'{e}}rsias na Constitui{\c{c}}{\~{a}}o Da Cadeia Produtiva da Laranja no Estado de S{\~{a}}o Paulo dos Anos 1930 Aos 2000.}},
    year = {2016},
    journal = {Desafio Online},
    author = {Barbosa, Gabriela da Rocha and Gitahy, Leda},
    number = {2},
    pages = {41--62},
    volume = {4},
    issn = {2317-949X},
    keywords = {Cadeia produtiva da Laranja, Doen{\c{c}}as, Pesquisas, Pol{\'{i}}ticas Fitossanit{\'{a}}rias, controv{\'{e}}rsias.}
}

@misc{Szymanska-Chargot2012,
    title = {{Pre-harvest monitoring of apple fruits development with the use of biospeckle method}},
    year = {2012},
    booktitle = {Scientia Horticulturae},
    author = {Szymanska-Chargot, Monika and Adamiak, Anna and Zdunek, Artur},
    pages = {23--28},
    volume = {145},
    publisher = {Elsevier B.V.},
    url = {http://www.profigen.com.br},
    isbn = {0304-4238},
    doi = {10.1016/j.scienta.2012.07.024},
    issn = {03044238},
    keywords = {Apple, Biospeckle, Maturation, Quality attributes}
}

@article{Szymanska-Chargot2012b,
    title = {{Pre-harvest monitoring of apple fruits development with the use of biospeckle method}},
    year = {2012},
    journal = {Scientia Horticulturae},
    author = {Szymanska-Chargot, Monika and Adamiak, Anna and Zdunek, Artur},
    pages = {23--28},
    volume = {145},
    publisher = {Elsevier B.V.},
    url = {http://dx.doi.org/10.1016/j.scienta.2012.07.024},
    isbn = {0304-4238},
    doi = {10.1016/j.scienta.2012.07.024},
    issn = {03044238},
    keywords = {Apple, Biospeckle, Maturation, Quality attributes}
}

@article{Szymanska-Chargot2012c,
    title = {{Pre-harvest monitoring of apple fruits development with the use of biospeckle method}},
    year = {2012},
    journal = {Scientia Horticulturae},
    author = {Szymanska-Chargot, Monika and Adamiak, Anna and Zdunek, Artur},
    pages = {23--28},
    volume = {145},
    publisher = {Elsevier B.V.},
    url = {http://dx.doi.org/10.1016/j.scienta.2012.07.024},
    isbn = {0304-4238},
    doi = {10.1016/j.scienta.2012.07.024},
    issn = {03044238},
    keywords = {Apple, Biospeckle, Maturation, Quality attributes}
}

@article{Lopes,
    title = {{PRINCIPAIS DOENÇAS DA CITRICULTURA EM SERGIPE E SEU CONTROLE}},
    year = {2007},
    journal = {Embrapa},
    author = {Melo, Marcelo Brito; and Andrade, Luzia NIlda},
    volume = {d}
}

@article{Lopesb,
    title = {{PRINCIPAIS DOENÇAS DA CITRICULTURA EM SERGIPE E SEU CONTROLE}},
    year = {2007},
    journal = {Embrapa},
    author = {Melo, Marcelo Brito; and Andrade, Luzia NIlda},
    volume = {d}
}

@article{Da,
    title = {{Processamento e caracteriza{\c{c}}{\~{a}}o f{\'{i}}sica e f{\'{i}}sico-qu{\'{i}}mica de blends de polpa de caju e beterraba}},
    author = {Da, Dyego and Santos, Costa and Ferreira Lisb{\^{o}}a, Jemima and Feitosa, Regilane Marques and Gomes, Yvana Maria and Santos, Dos and Paula, Ana and Rocha, Trindade},
    url = {http://www.confea.org.br/media/Agronomia_processamento_e_caracterizacao_fisica_e_fisico-quimica_de_blends_de_caju_e_beterraba.pdf}
}

@article{GouveadeSouza,
    title = {{Produ{\c{c}}{\~{a}}o  in vitro  de embriões bovinos com s{\^{e}}men  congelado ap{\'{o}}s pr{\'{e}}via infec{\c{c}}{\~{a}}o c om  Herpesvirus  bovino tipo 5}},
    author = {Gouv{\^{e}}a de Souza, Diego and Silva-Frade, Camila and Calegari, Renata S and Crespilho, André M and Paschoal, Daniela M and Sudano, Mateus J and Marqui, Fernanda N and Martins Jr, Alicio and Cardoso, Tereza C}
}

@misc{Fontes1997,
    title = {{Produ{\c{c}}{\~{a}}o de cultivares de tomate em estufa coberta com pl{\'{a}}stico.pdf}},
    year = {1997},
    author = {Fontes, Paulo Cezar Rezende and Dias, Emerson Nogueira and Zanin, Estenio Ricardo and Finger, Fernando Luiz}
}

@article{RODRIGUES2016,
    title = {{Produ{\c{c}}{\~{a}}o de mudas de citros com diferentes combina{\c{c}}õoes copa e porta-enxerto em viveiro protegido.}},
    year = {2016},
    journal = {Embrapa Mandioca e Fruticultura-Artigo em peri{\'{o}}dico indexado (ALICE)},
    author = {RODRIGUES, M J da S and de OLIVEIRA, E R M and GIRARDI, E A and LEDO, C A da S and SOARES FILHO, W dos S},
    url = {http://www.profigen.com.br/ler/1/355/306/fusarium}
}

@article{GouveadeSouza2016,
    title = {{Produ{\c{c}}{\~{a}}o in vitro de embriões bovinos com s{\^{e}}men congelado ap{\'{o}}s pr{\'{e}}via infec{\c{c}}{\~{a}}o c om Herpesvirus bovino tipo 5}},
    year = {2016},
    journal = {Rev. Bras. Reprod. Anim.},
    author = {Gouv{\^{e}}a de Souza, Diego and Silva-Frade, Camila and Calegari, Renata S and Crespilho, André M and Paschoal, Daniela M and Sudano, Mateus J and Marqui, Fernanda N and Martins Jr, Alicio and Cardoso, Tereza C},
    pages = {671--677},
    volume = {41},
    url = {http://www.cbra.org.br/portal/downloads/publicacoes/rbra/v41/n3/p671-677 (RB626).pdf}
}

@article{luiz2016produccao,
    title = {{PRODU{\c{C}}{\~{A}}O TEXTUAL NO ENSINO M{\'{E}}DIO: PROPOSTA DE DESENVOLVIMENTO DE UM APLICATIVO UTILIZANDO WEB SERVICE}},
    year = {2016},
    journal = {Tekhne e Logos},
    author = {Luiz, Valéria Caroline and de Castro, Adriane Belluci Belório and de Almeida, Osvaldo César Pinheiro},
    number = {3},
    pages = {73--87},
    volume = {7},
    url = {http://www.profigen.com.br/ler/1/355/306/fusarium}
}

@article{ANVISA2015,
    title = {{PROGRAMA DE AN{\'{A}}LISE DE RES{\'{I}}DUOS DE AGROT{\'{O}}XICOS EM ALIMENTOS – PARA}},
    year = {2015},
    journal = {ANIVSA},
    author = {{ANVISA}},
    volume = {1},
    url = {http://portal.anvisa.gov.br/documents/111215/0/PARA+-+Apresentação+dos+resultados+-+2013+a+2015.pdf/f22c936a-4796-464c-9680-916c29b2bb5c}
}

@article{Prodema2018,
    title = {{PROGRAMA DE P{\'{O}}S-GRADUA{\c{C}}{\~{A}}O EM DESENVOLVIMENTO E MEIO AMBIENTE VAGAS PARA A COMUNIDADE PROGRAMA DE P{\'{O}}S-GRADUA{\c{C}}{\~{A}}O EM DESENVOLVIMENTO E MEIO AMBIENTE}},
    year = {2018},
    author = {Prodema, Edital and Ufs, Posgrap},
    pages = {1--12},
    isbn = {7393583905408}
}

@phdthesis{Santos2017a,
    title = {{Projeto de interfaces para aplicativo m{\'{o}}vel orientado {\`{a}} gamifica{\c{c}}{\~{a}}o: o aplicativo Gamify SINFO da UFRN}},
    year = {2017},
    author = {Santos, Jackson Douglas Vital dos},
    school = {Brasil}
}

@article{Santos2017,
    title = {{PROJETO DE INTERFACES PARA APLICATIVO M{\'{O}}VEL ORIENTADO {\`{A}} GAMIFICA{\c{C}}{\~{A}}O: O APLICATIVO GAMIFY SINFO DA UFRN}},
    year = {2017},
    author = {Santos, Jackson Douglas Vital},
    institution = {Universidade Federal do Rio Grande do Norte},
    keywords = {JACKSON DOUGLAS VITAL DOS SANTOS}
}

@book{Koscianski2007,
    title = {{Qualidade de Software: aprenda as metodologias e t{\'{e}}cnicas mais modernas para o desenvolvimento de software}},
    year = {2007},
    booktitle = {Novatec},
    author = {Koscianski, André and Soares, Michel dos Santos.},
    pages = {395},
    publisher = {Novatec},
    url = {https://books.google.com.br/books?hl=pt-BR&lr=&id=O9aWoUq6L88C&oi=fnd&pg=PA2&dq=modelo+cascata+software&ots=c-NduVOARo&sig=5VPpShEDeeYI9ZZ_xyhJnBJW07M#v=onepage&q=modelo cascata software&f=false},
    isbn = {978-85-7522-112-9}
}

@article{CarmeloLuisGustavoPaulinoFerreiraMarcosDavidGimenezCalbo2015,
    title = {{Qualidade p{\'{o}}s-colheita de frutos de tomate (cultivar d{\'{e}}bora) ap{\'{o}}s armazenamento em atmosfera controlada em baixas concentra{\c{c}}ões de oxig{\^{e}}nio}},
    year = {2015},
    journal = {Revista Iberoamericana de Tecnolog{\'{i}}a Postcosecha},
    author = {Carmelo, Luis Gustavo Paulino; Ferreira, Marcos David; Gimenez Calbo, Adonai},
    number = {2},
    volume = {16},
    publisher = {Asociaci{\'{o}}n Iberoamericana de Tecnolog{\'{i}}a Postcosecha, S.C.},
    url = {http://www.redalyc.org/html/813/81343176017/}
}

@article{Moreira2014,
    title = {{Quality test protocol to dynamic laser speckle analysis}},
    year = {2014},
    journal = {Optics and Lasers in Engineering},
    author = {Moreira, Junio and Cardoso, R. R. and Braga, R. A.},
    volume = {61},
    doi = {10.1016/j.optlaseng.2014.04.005},
    issn = {01438166}
}

@book{adubacao_se,
    title = {{Recomenda{\c{c}}ões para o uso de corretivos e fertilizantes no estado de Sergipe}},
    year = {2007},
    author = {Sobral, Lafayette Franco and Viegas, Pedro Roberto Almeida and Siqueira, Otávio João Wachhlz and Anjos, Joézio Luiz dos and Barreto, Marcos Cabral de Vasconcelos and Gomes, João Bosco Vasconcelos},
    edition = {1},
    pages = {250},
    publisher = {Embrapa},
    address = {Aracaju-SE},
    isbn = {978-85-85809-27-0}
}

@book{Aerts2018a,
    title = {{Regulators controlled by the sporulation gene flbA of Aspergillus niger}},
    year = {2018},
    author = {Aerts, David},
    number = {April},
    isbn = {9789039369494}
}

@book{Aerts2018,
    title = {{Regulators controlled by the sporulation gene flbA of Aspergillus niger}},
    year = {2018},
    author = {Aerts, David},
    isbn = {9789039369494}
}

@article{Zdunek2012a,
    title = {{Relation of biospeckle activity with chlorophyll content in apples}},
    year = {2012},
    journal = {Postharvest biology and technology},
    author = {Zdunek, Artur and Herppich, Werner B},
    number = {1},
    pages = {58--63},
    volume = {64},
    publisher = {Elsevier}
}

@misc{Zdunek2012,
    title = {{Relation of biospeckle activity with chlorophyll content in apples}},
    year = {2012},
    booktitle = {Postharvest biology and technology},
    author = {Zdunek, Artur and Herppich, Werner B},
    number = {1},
    pages = {58--63},
    volume = {64},
    publisher = {Elsevier},
    url = {http://www.profigen.com.br}
}

@article{Costa2017,
    title = {{Relationship between biospeckle laser technique and firmness of Acrocomia aculeata fruits}},
    year = {2017},
    journal = {Revista Brasileira de Engenharia Agr{\'{i}}cola e Ambiental},
    author = {Costa, Anderson G. and Pinto, Francisco A. C. and Braga, Roberto A. and Motoike, Sergio Y. and Gracia, Luis M. N.},
    doi = {10.1590/1807-1929/agriambi.v21n1p68-73},
    issn = {1415-4366}
}

@misc{AlvesBragaJunior2007,
    title = {{Reliability of biospeckle image analysis}},
    year = {2007},
    booktitle = {Optics and Lasers in Engineering},
    author = {Alves Braga Junior, Roberto and Oliveira Silva, Bruno and Rabelo, Giovanni and Marques Costa, Ricardo and Machado Enes, Adilson and Cap, Nelly and Rabal, Héctor and Arizaga, Ricardo and Trivi, Marcelo and Horgan, Graham},
    number = {3},
    pages = {390--395},
    volume = {45},
    url = {http://www.profigen.com.br},
    doi = {10.1016/j.optlaseng.2006.07.002},
    issn = {01438166},
    keywords = {Digital processing, Drying paint, Dynamic speckle, Seeds}
}

@article{AlvesBragaJunior2007b,
    title = {{Reliability of biospeckle image analysis}},
    year = {2007},
    journal = {Optics and Lasers in Engineering},
    author = {Alves Braga Junior, Roberto and Oliveira Silva, Bruno and Rabelo, Giovanni and Marques Costa, Ricardo and Machado Enes, Adilson and Cap, Nelly and Rabal, Héctor and Arizaga, Ricardo and Trivi, Marcelo and Horgan, Graham},
    number = {3},
    pages = {390--395},
    volume = {45},
    doi = {10.1016/j.optlaseng.2006.07.002},
    issn = {01438166},
    keywords = {Digital processing, Drying paint, Dynamic speckle, Seeds}
}

@article{AlvesBragaJunior2007c,
    title = {{Reliability of biospeckle image analysis}},
    year = {2007},
    journal = {Optics and Lasers in Engineering},
    author = {Alves Braga Junior, Roberto and Oliveira Silva, Bruno and Rabelo, Giovanni and Marques Costa, Ricardo and Machado Enes, Adilson and Cap, Nelly and Rabal, Héctor and Arizaga, Ricardo and Trivi, Marcelo and Horgan, Graham},
    number = {3},
    pages = {390--395},
    volume = {45},
    doi = {10.1016/j.optlaseng.2006.07.002},
    issn = {01438166},
    keywords = {Digital processing, Drying paint, Dynamic speckle, Seeds}
}

@article{Peixoto1999,
    title = {{Rendimento de cultivares de tomate para processamento em Goias}},
    year = {1999},
    journal = {Horticultura Brasileira},
    author = {Peixoto, Nei and Mendon{\c{c}}a, José L. de and Silva, João Bosco C. da and Barbedo, Adeliana S. C.},
    number = {1},
    pages = {54--57},
    volume = {17},
    url = {http://www.scielo.br/scielo.php?script=sci_arttext&pid=S0102-05361999000100015&lng=pt&tlng=pt},
    isbn = {0102-0536},
    doi = {10.1590/S0102-05361999000100015},
    issn = {0102-0536}
}

@article{Matos2003,
    title = {{Resist{\^{e}}ncia de Gen{\'{o}}tipos de Tomateiro a um Isolado de Geminiv{\'{i}}rus do Cintur{\~{a}}o Verde de Campinas , S{\~{a}}o Paulo}},
    year = {2003},
    journal = {Fitopatologia Brasileira},
    author = {Matos, Evandro S and Siqueira, Walter J and Louren{\c{c}}{\~{a}}o, André L and Melo, Arlete M T and Sawazaki, Haiko E and Souza-dias, José Alberto C and Colariccio, Addolorata},
    number = {2},
    pages = {159--165},
    volume = {28},
    doi = {10.1590/S0100-41582003000200007},
    issn = {0100-4158}
}

@article{Ireno,
    title = {{RESUMO - As doen{\c{c}}as causadas no Citrus t{\^{e}}m um alto {\'{i}}ndice de danos e perdas para os citricultores, onde o controle e manejo desta cultura s{\~{a}}o bastante dif{\'{i}}ceis e cara, este trabalho ir{\'{a}} abortar as principais doen{\c{c}}as do Citrus, seus sintomas, suas etiologi}},
    author = {Ireno, Mateus Teodoro and Silva, Vania Carneiro and Silva, Jéssica Aparecida and Convento, Ana Beatriz and Paulo, Luis and Euzebio, Sanches and Bermejo, Lucas},
    pages = {34--37},
    keywords = {damage, growing citrus, pathogens}
}

@article{Irenoa,
    title = {{RESUMO - As doen{\c{c}}as causadas no Citrus t{\^{e}}m um alto {\'{i}}ndice de danos e perdas para os citricultores, onde o controle e manejo desta cultura s{\~{a}}o bastante dif{\'{i}}ceis e cara, este trabalho ir{\'{a}} abortar as principais doen{\c{c}}as do Citrus, seus sintomas, suas etiologi}},
    year = {2014},
    journal = {Revista Cient{\'{i}}ifica Eletr{\^{o}}nica de Agronomia},
    author = {Ireno, Mateus Teodoro and Silva, Vania Carneiro and Silva, Jéssica Aparecida and Convento, Ana Beatriz and Paulo, Luis and Euzebio, Sanches and Bermejo, Lucas},
    number = {1},
    pages = {34--37},
    volume = {25},
    keywords = {damage, growing citrus, pathogens}
}

@article{Goncalves2016,
    title = {{RIDE MY BIKE: APLICATIVO M{\'{O}}VEL SOCIAL PARA COMPARTILHAMENTO DE TRAJETOS}},
    year = {2016},
    author = {Gon{\c{c}}alves, Larissa Yasin and Lermen, Gustavo},
    pages = {1--28},
    publisher = {Universidade do Vale do Rio dos Sinos},
    url = {http://www.profigen.com.br/ler/1/355/306/fusarium},
    keywords = {Gustavo Lermen, Larissa Yasin Gon{\c{c}}alves}
}

@article{Goncalves,
    title = {{RIDE MY BIKE: APLICATIVO M{\'{O}}VEL SOCIAL PARA COMPARTILHAMENTO DE TRAJETOS}},
    author = {Gon{\c{c}}alves, Larissa Yasin and Lermen, Gustavo},
    pages = {1--28},
    keywords = {Gustavo Lermen, Larissa Yasin Gon{\c{c}}alves}
}

@misc{RStudio2015,
    title = {{RStudio: Integrated Development Environment for R}},
    year = {2015},
    author = {RStudio, Inc.},
    url = {http://www.rstudio.com/},
    address = {Boston,MA}
}

@misc{Aragao1997,
    title = {{Sele{\c{c}}{\~{a}}o de cultivares ecossistemas do Brasil . coqueiro para diferentes}},
    year = {1997},
    booktitle = {Recursos Gen{\'{e}}ticos e Melhoramento de Plantas para o Nordeste Brasileiro},
    author = {Arag{\~{a}}o, Wilson Menezes and Cristina, Paula and Ribeiro, Francisco Elias},
    url = {http://www.profigen.com.br/ler/1/355/306/fusarium}
}

@article{Melo2015,
    title = {{Sele{\c{c}}{\~{a}}o de linhagens de tomateiro resistentes a Tomato yellow vein streak virus}},
    year = {2015},
    journal = {Horticultura Brasileira},
    author = {Melo, Arlete Marchi Tavares and Santos, Jean Carlos de Souza and Siqueira, Walter José and Melo, Paulo César Tavares de and Colariccio, Addolorata and Louren{\c{c}}{\~{a}}o, André Luiz},
    number = {3},
    month = {8},
    volume = {33},
    url = {http://www.ashbmcd.com/index.php/HB/article/view/195},
    doi = {10.1590/HB.V33I3.195},
    issn = {S0102-0536}
}

@misc{Rivera2017,
    title = {{Selection of statistical indices in the biospeckle laser analysis regarding filtering actions}},
    year = {2017},
    booktitle = {Optics Communications},
    author = {Rivera, Fernando Pujaico and Braga, Roberto Alves},
    number = {March},
    pages = {144--151},
    volume = {394},
    publisher = {Elsevier B.V.},
    url = {http://www.profigen.com.br},
    doi = {10.1016/j.optcom.2017.03.015},
    issn = {00304018},
    keywords = {Backscattering, Biological activity, Biospeckle index, Biospeckle laser, Biospeckle signal, Dynamic speckle}
}

@article{Rivera2017b,
    title = {{Selection of statistical indices in the biospeckle laser analysis regarding filtering actions}},
    year = {2017},
    journal = {Optics Communications},
    author = {Rivera, Fernando Pujaico and Braga, Roberto Alves},
    number = {March},
    pages = {144--151},
    volume = {394},
    publisher = {Elsevier B.V.},
    url = {http://dx.doi.org/10.1016/j.optcom.2017.03.015},
    doi = {10.1016/j.optcom.2017.03.015},
    issn = {00304018},
    keywords = {Backscattering, Biological activity, Biospeckle index, Biospeckle laser, Biospeckle signal, Dynamic speckle}
}

@article{Rivera2017a,
    title = {{Selection of statistical indices in the biospeckle laser analysis regarding filtering actions}},
    year = {2017},
    journal = {Optics Communications},
    author = {Rivera, Fernando Pujaico and Braga, Roberto Alves},
    month = {7},
    pages = {144--151},
    volume = {394},
    publisher = {North-Holland},
    url = {https://www.sciencedirect.com/science/article/abs/pii/S0030401817301797},
    doi = {10.1016/J.OPTCOM.2017.03.015},
    issn = {0030-4018}
}

@article{DaSILVA2017,
    title = {{Sistema de automa{\c{c}}{\~{a}}o para capta{\c{c}}{\~{a}}o de {\'{a}}guas pluviais e gerenciamento h{\'{i}}drico residencial utilizando aplicativo m{\'{o}}vel}},
    year = {2017},
    journal = {Sistema},
    author = {da SILVA, Agny Diego Cunha and ROCHA, Leonardo Viana and MACHADO, Andrea Pereira and GUTIERREZ, Dione Margarete Gomes and dos SANTOS, Leonardo Sousa and GUTIERREZ, Carlos Benedito Barreiros},
    number = {19},
    volume = {38}
}

@misc{azevedo,
    title = {{Sistema de Produ{\c{c}}{\~{a}}o de Citros para o Nordeste}},
    year = {2013},
    author = {Azev{\^{e}}do, Claudio Luiz Leone},
    pages = {1},
    url = {https://sistemasdeproducao.cnptia.embrapa.br/FontesHTML/Citros/CitrosNordeste/}
}

@article{Souza2013,
    title = {{Software de suporte {\`{a}} decis{\~{a}}o de gest{\~{a}}o de custos e determina{\c{c}}{\~{a}}o de tarifas em per{\'{i}}metros de irriga{\c{c}}{\~{a}}o}},
    year = {2013},
    journal = {Atlantic},
    author = {Flach, Matheus Klein and Buske, Taise Cristine and Marques, Renato and Jahnel, Marcelo Cabral and Souza, E.J. and Cunha, Fernando França and Magalh{\~{a}}es, F.F. and Silva, T.R. and Borges, M.C.R.Z. and Roque, C.G. and Oliveira, Flavio Gonçalves},
    pages = {48--56},
    volume = {11},
    institution = {Universidade Federal de Santa Catarina},
    doi = {10.5380/rf.v35i1.2435},
    issn = {1982-4688},
    keywords = {atlantic forest, degraded area, ecological succession, field method, microbial activity, retention curve, richards extractor}
}

@misc{Embrapasolos,
    title = {{Solos do Nordeste}},
    year = {2017},
    author = {{embrapa solos}},
    url = {http://www.uep.cnps.embrapa.br/solos/index.php?link=se},
    keywords = {embrapa{\_}solos}
}

@misc{Embrapasolosb,
    title = {{Solos do Nordeste}},
    year = {2017},
    author = {solos, Embrapa},
    url = {http://www.uep.cnps.embrapa.br/solos/index.php?link=se},
    keywords = {embrapa{\_}solos}
}

@article{Arizaga1999,
    title = {{Speckle time evolution characterization by the co-occurrence matrix analysis}},
    year = {1999},
    journal = {Optics and Laser Technology},
    author = {Arizaga, Ricardo and Trivi, Marcelo and Rabal, Héctor},
    number = {2},
    month = {3},
    pages = {163--169},
    volume = {31},
    publisher = {Elsevier},
    url = {https://www.sciencedirect.com},
    doi = {10.1016/S0030-3992(99)00033-X},
    issn = {00303992}
}

@article{Arizaga1999a,
    title = {{Speckle time evolution characterization by the co-occurrence matrix analysis}},
    year = {1999},
    journal = {Optics and Laser Technology},
    author = {Arizaga, Ricardo and Trivi, Marcelo and Rabal, Héctor},
    number = {2},
    month = {3},
    pages = {163--169},
    volume = {31},
    publisher = {Elsevier},
    url = {https://www.sciencedirect.com},
    doi = {10.1016/S0030-3992(99)00033-X},
    issn = {00303992}
}

@article{Samson2014,
    title = {{Studies in Mycology}},
    year = {2014},
    journal = {Studies in Mycology},
    author = {Samson, R A and Visagie, C M and Houbraken, J and Hong, S-B and Hubka, V and Klaassen, C H W and Perrone, G and Seifert, K A and Susca, A and Tanney, J B and Varga, J and Kocsub{\'{e}}, S and Szigeti, G and Yaguchi, T and Frisvad, J C},
    pages = {141--173},
    volume = {78},
    url = {http://www.ncbi.nlm.nih.gov/pubmed/25492982%0Ahttp://www.pubmedcentral.nih.gov/articlerender.fcgi?artid=PMC4260807%0Ahttp://dx.doi.org/10.1016/j.simyco.2014.07.004},
    doi = {10.1016/j.simyco.2014.07.004},
    issn = {0166-0616},
    pmid = {25492982},
    keywords = {aspergillus, aspergillus arxii, aspergillus assulatus, aspergillus baarnensis samson, aspergillus chinensis samson, aspergillus delacroxii, aspergillus jaipurensis samson, aspergillus solicola samson, b, fort, frisvad, fungal identi fi cation, guarro, hong, houbraken, media, new combinations, new names, nomenclature, phylogeny, s, samson, taxonomic novelties, visagie}
}

@article{Henrique2007a,
    title = {{T{\'{e}}cnica Do Biospeckle Laser ( Bsl ) Na Avalia{\c{c}}{\~{a}}o De S{\^{e}}men Bovino}},
    year = {2007},
    author = {Henrique, Pablo and Carvalho, Andrade},
    url = {http://repositorio.ufla.br/}
}

@article{Henrique2007,
    title = {{T{\'{E}}CNICA DO BIOSPECKLE LASER (BSL) NA AVALIA{\c{C}}{\~{A}}O DE S{\^{E}}MEN BOVINO CONGELADO}},
    year = {2007},
    author = {Henrique, Pablo and Carvalho, Andrade},
    url = {http://repositorio.ufla.br/bitstream/1/2517/1/DISSERTAÇÃO_Técnica do Biospeckle Laser na avaliação de sêmen bovino congelado}
}

@book{Luiz2009,
    title = {{Tekhne e Logos}},
    year = {2009},
    booktitle = {Tekhne e Logos},
    author = {Luiz, Valéria Caroline and de Castro, Adriane Belluci Belório and de Almeida, Osvaldo César Pinheiro},
    number = {3},
    month = {12},
    pages = {73--87},
    volume = {7},
    publisher = {Faculdade de Tecnologia de Botucatu},
    url = {http://www.fatecbt.edu.br/seer/index.php/tl/article/view/426},
    issn = {2176-4808}
}

@article{Zdunek2014,
    title = {{The biospeckle method for the investigation of agricultural crops: A review}},
    year = {2014},
    journal = {Optics and Lasers in Engineering},
    author = {Zdunek, Artur and Adamiak, Anna and Pieczywek, Piotr M. and Kurenda, Andrzej},
    number = {1},
    pages = {276--285},
    volume = {52},
    publisher = {Elsevier},
    url = {http://dx.doi.org/10.1016/j.optlaseng.2013.06.017},
    doi = {10.1016/j.optlaseng.2013.06.017},
    issn = {01438166},
    keywords = {Biospeckle, Fruit, Nondestructive, Quality}
}

@misc{Zdunek2014b,
    title = {{The biospeckle method for the investigation of agricultural crops: A review}},
    year = {2014},
    booktitle = {Optics and Lasers in Engineering},
    author = {Zdunek, Artur and Adamiak, Anna and Pieczywek, Piotr M and Kurenda, Andrzej},
    number = {1},
    pages = {276--285},
    volume = {52},
    publisher = {Elsevier},
    url = {http://www.profigen.com.br/ler/1/355/306/fusarium},
    doi = {10.1016/j.optlaseng.2013.06.017},
    issn = {01438166},
    keywords = {Biospeckle, Fruit, Nondestructive, Quality}
}

@article{Zdunek2014a,
    title = {{The biospeckle method for the investigation of agricultural crops: A review}},
    year = {2014},
    journal = {Optics and Lasers in Engineering},
    author = {Zdunek, Artur and Adamiak, Anna and Pieczywek, Piotr M. and Kurenda, Andrzej},
    month = {1},
    pages = {276--285},
    volume = {52},
    publisher = {Elsevier},
    url = {https://www.sciencedirect.com/},
    doi = {10.1016/J.OPTLASENG.2013.06.017},
    issn = {0143-8166}
}

@article{Zdunek2014bb,
    title = {{The biospeckle method for the investigation of agricultural crops: A review}},
    year = {2014},
    journal = {Optics and Lasers in Engineering},
    author = {Zdunek, Artur and Adamiak, Anna and Pieczywek, Piotr M. and Kurenda, Andrzej},
    month = {1},
    pages = {276--285},
    volume = {52},
    url = {http://linkinghub.elsevier.com/retrieve/pii/S0143816613002030},
    doi = {10.1016/j.optlaseng.2013.06.017},
    issn = {01438166}
}

@article{Gross2016,
    title = {{The Commercial Storage of Fruits, Vegetables, and Florist and Nursery Stocks}},
    year = {2016},
    journal = {United States Department of Agriculture},
    author = {Gross, Kenneth C and Wang, Chien Yi and Mikal, Saltveit},
    pages = {792},
    volume = {1},
    url = {https://www.ars.usda.gov/ARSUserFiles/oc/np/CommercialStorage/CommercialStorage.pdf}
}

@misc{Traxco2018,
    title = {{Umidade em solos de diferente textura | Irriga{\c{c}}{\~{a}}o.Net}},
    year = {2018},
    booktitle = {Irriga{\c{c}}{\~{a}}o.net},
    author = {{Traxco}},
    url = {https://www.irrigacao.net/irrigacao/humidade-em-solos-de-diferente-textura/}
}

@misc{Inteligente2001,
    title = {{Universidade Federal de Santa Catarina}},
    year = {2013},
    author = {Munarini, Anderson and Nodari, Rubens Onofre},
    url = {http://www.profigen.com.br/ler/1/355/306/fusarium}
}

@article{DaSilvaJunior2014,
    title = {{Use of alternative materials in the production of tomato seedlings under foliar fertilisation [Aproveitamento de materiais alternativos na produ{\c{c}}{\~{a}}o de mudas de tomateiro sob aduba{\c{c}}{\~{a}}o foliar]}},
    year = {2014},
    journal = {Revista Ciencia Agronomica},
    author = {da Silva J{\'{u}}nior, J.V.a and Beckmann-Cavalcante, M.Z.b and da Silva Brito, L.P.c and Avelino, R.C.c and Cavalcante, I.H.L.b},
    number = {3},
    pages = {528--536},
    volume = {45},
    url = {www.ccarevista.ufc.br https://www.scopus.com/inward/record.uri?eid=2-s2.0-84899882733&partnerID=40&md5=ef3ca2f068997e5eba1dbee287b09017},
    doi = {10.1590/S1806-66902014000300013},
    issn = {00456888},
    keywords = {Lycopersicon esculentum Mill Mineral nutrition, Propagation Organic waste}
}

@phdthesis{Aparecida2011,
    title = {{Utiliza{\c{c}}{\~{a}}o do biospeckle laser na avalia{\c{c}}{\~{a}}o do po tencial germinativo de sementes de Ip{\^{e}} - roxo ( Tabebuia heptap h ylla (Vellozo) Toledo)}},
    year = {2011},
    author = {Aparecida, Freacarolli and Fabbro, Juliana Maria Dal},
    url = {http://repositorio.unicamp.br/}
}

@article{Ppgq2017,
    title = {{Vagas Para a Comunidade Programa De P{\'{o}}s-Gradua{\c{c}}{\~{a}}o Em Qu{\'{i}}mica}},
    year = {2017},
    author = {Ppgq, Edital and Ufs, Posgrap},
    pages = {1--10}
}

@article{Balieiro2017,
    title = {{Variabilidade Espa{\c{c}}o-Temporal Da Condi{\c{c}}{\~{a}}o Da Vegeta{\c{c}}{\~{a}}o Na Agricultura Irrigada Por Meio De Imagens ....}},
    year = {2017},
    author = {Balieiro, Rayssa and Universidade, Ribeiro and Filgueiras, Roberto and Federal, Universidade and Camila, Maria and Ramos, Alves and Federal, Universidade and Almeida, Laura and Federal, Universidade},
    number = {November},
    doi = {10.7127/rbai.v11n600648}
}

@article{Cambui2007,
    title = {{Variabilidade Gen{\'{e}}tica entre Cultivares de Coqueiro An{\~{a}}o (Cocos nucifera L. - Var. Nana)}},
    year = {2007},
    journal = {Revista Brasileira de Bioci{\^{e}}ncias},
    author = {Cambui, Érica Verena Figueirêdo and Arag{\~{a}}o, Wilson Menezes and Lea, Maria de Lourdes da Silva},
    pages = {165--167},
    volume = {5}
}

@article{Roman2012,
    title = {{VIII Simp{\'{o}}sio Brasileiro de Sistemas de Informa{\c{c}}{\~{a}}o (SBSI 2012) Trilhas T{\'{e}}cnicas ´ ˜}},
    year = {2012},
    journal = {VIII Simp{\'{o}}sio Brasileiro de Sistemas de Informa{\c{c}}{\~{a}}o (SBSI 2012) Trilhas T{\'{e}}cnicas Implementacao},
    author = {Roman, Norton Trevisan and Chaim, Marcos L and Artes, Escola De and A, Construtora Andrade Gutierrez S},
    number = {Sbsi},
    pages = {327--336},
    url = {http://www.profigen.com.br/ler/1/355/306/fusarium}
}

@article{Kurenda2014,
    title = {{VIS/NIR spectroscopy, chlorophyll fluorescence, biospeckle and backscattering to evaluate changes in apples subjected to hydrostatic pressures}},
    year = {2014},
    journal = {Postharvest Biology and Technology},
    author = {Kurenda, Andrzej and Zdunek, Artur and Schl{\"{u}}ter, Oliver and Herppich, Werner B.},
    volume = {96},
    doi = {10.1016/j.postharvbio.2014.05.009},
    issn = {09255214}
}

@misc{idc2017,
    title = {{Weblet Importer}},
    year = {2015},
    author = {Vishniac {\&} Takashima Q.M. Wang, F.Y. Bai, M. Groenewald & T. Boekhout},
    pages = {183},
    url = {http://www.caic.org.au/psyther/lgat/mental.htm}
}

@book{VishniacTakashimaQ.M.WangF.Y.Bai2015,
    title = {{Weblet Importer}},
    year = {2015},
    author = {(Vishniac {\&} Takashima) Q.M. Wang, F.Y. Bai, M. Groenewald & T. Boekhout},
    pages = {183},
    url = {http://www.profigen.com.br/ler/1/355/306/fusarium}
}

@article{19998Usabilidade,
    title = {{8 Testes de Usabilidade}},
    year = {1999},
    pages = {52--66}
}

@article{2015AvaliacaoProdutora,
    title = {{Avalia{\c{c}}{\~{a}}o do risco de ocorr{\^{e}}ncia de doen{\c{c}}as da videira em tr{\^{e}}s regiões produtora}},
    year = {2015},
    url = {https://www.infoteca.cnptia.embrapa.br/infoteca/bitstream/doc/1022316/1/LivroBolPesq38.pdf},
    issn = {1677-9266}
}

@book{BuchpaBuchpa-KarteiIndustrieokonomik-Bauwirtschaft,
    title = {{Buchpa{\ss}[Buchpa{\ss}-Kartei f. Wirtschaftsliteratur]. Abt. 5. Industrieökonomik-Bauwirtschaft}},
    publisher = {Verl. Die Wirtschaft},
    url = {http://seer.ufrgs.br/hcpa},
    issn = {2357-9730}
}

@book{BuchpaBuchpa-KarteiIndustrieokonomik-Bauwirtschaftb,
    title = {{Buchpa{\ss}[Buchpa{\ss}-Kartei f. Wirtschaftsliteratur]. Abt. 5. Industrieökonomik-Bauwirtschaft}},
    publisher = {Verl. Die Wirtschaft},
    url = {http://seer.ufrgs.br/hcpa},
    issn = {2357-9730}
}

@article{CostaCLASSIFICATIONMOMENT,
    title = {{CLASSIFICATION OF MACAW PALM FRUITS FROM COLORIMETRIC PROPERTIES FOR DETERMINING THE HARVEST MOMENT}},
    journal = {Engenharia Agr{\'{i}}cola},
    author = {Costa, Anderson G and de de C Pinto, Francisco A and Motoike, Sérgio Y and Braga J{\'{u}}nior, Roberto A and Navas Gracia, Luis M},
    pages = {634--641},
    url = {www.engenhariaagricola.org.br},
    doi = {10.1590/1809-4430-Eng.Agric.v38n4p634-641/2018}
}

@article{Full-text,
    title = {{full-text}}
}

@misc{FusariumProfigen,
    title = {{Fusarium - Fusarium - Profigen}},
    url = {http://www.profigen.com.br/ler/1/355/306/fusarium}
}

@misc{INMETRegistradas,
    title = {{INMET - Gr{\'{a}}ficos das Condi{\c{c}}ões Registradas}},
    url = {http://www.inmet.gov.br/sim/abre_graficos.php},
    keywords = {inmet}
}

@article{Software.bib,
    title = {{software.bib}}
}

@misc{TestesAction,
    title = {{Testes de normalidade - Infer{\^{e}}ncia | Portal Action}},
    url = {http://www.portalaction.com.br/inferencia/testes-de-normalidade}
}